,Unnamed: 0,Unnamed: 0.1,cik,date,Total Revenue,filenames,Number of customers,MRR,ARR,ARPU,Churn,CRR,MRR Expansion,Number of qualified leads,Penetration Rate,LTV,quater_year,url,year_month,Sales and Marketing,CAC,CAC payback,Gross Margin,quater_year_string,CAC payback period,ASP,LTV : CAC ratio,Total Assets,Total Liabilities Net Minority Interest,debt ratio,Total Equity Gross Minority Interest,Total Debt,Common Stock Equity,Total Capitalization,Shareholder Equity,Private Shareholding,Public Shareholding
0,0,0,1001601,ttm,931,1001601_0.csv,646,310.3333333,3724,5.764705882,0.045790251,0.954209749,2.81557377,2.17E-05,5.94E-07,125.8937381,"('-1', 'ttm')",,2021-ttm,0,,,-7.733619764,"-1,ttm",,4.323051525,,,,,,,,,,,
1,1,1,1001601,9/29/2021,244,1001601_0.csv,677,81.33333333,976,1.441654357,0,1,0,6.71E-06,6.59E-07,inf,"('Q3', '2021')",https://www.sec.gov/Archives/edgar/data/1001601/000149315221028042/Financial_Report.xlsx,2021-09,0,,,-8.196721311,"Q3,2021",,0,,2703,2290,0.847206807,413,39,413,413,413,1,0
2,2,2,1001601,6/29/2021,244,1001601_0.csv,677,81.33333333,976,1.441654357,0.167281673,0.832718327,-0.167235495,6.71E-06,6.59E-07,8.618124946,"('Q2', '2021')",https://www.sec.gov/Archives/edgar/data/1001601/000149315221020358/Financial_Report.xlsx,2021-06,0,0,0,2.868852459,"Q2,2021",0,7.99E-05,#NAME?,2279,1797,0.78850373,482,286,482,482,482,1,0
3,3,3,1001601,3/30/2021,293,1001601_0.csv,813,97.66666667,1172,1.441574416,-0.954326923,1.954326923,0.953333333,8.05E-06,7.92E-07,-1.510566642,"('Q1', '2021')",https://www.sec.gov/Archives/edgar/data/1001601/000149315221012749/Financial_Report.xlsx,2021-03,0,0,0,14.67576792,"Q1,2021",0,-0.000733277,#NAME?,2933,2023,0.68973747,910,118,910,910,910,1,0
4,4,4,1001601,12/30/2020,150,1001601_0.csv,416,50,600,1.442307692,,,,4.97E-06,4.26E-07,,"('Q4', '2020')",https://www.sec.gov/Archives/edgar/data/1001601/000149315221008913/Financial_Report.xlsx,2020-12,0,,,-68,"Q4,2020",,NaN,,2301,1810,0.786614515,491,61,491,491,491,1,0
5,5,5,1013462,ttm,1906715,1013462_0.csv,2200,635571.6667,7626860,3466.754545,0.272967614,0.727032386,1.908053936,0.044368005,2.02E-06,12700.24123,"('-1', 'ttm')",,2021-ttm,0,,,86.46971362,"-1,ttm",,2600.043376,,,,,,,,,,,
6,6,6,1013462,12/30/2021,655667,1013462_0.csv,3026,218555.6667,2622668,866.7111699,-0.486247544,1.486247544,0.486207069,0.018024095,2.95E-06,-1782.448426,"('Q4', '2021')",,2021-12,0,0,0,89.47987317,"Q4,2021",0,-0.023604206,#NAME?,6324314,1840266,0.290982706,4484048,857954,4484048,5237624,4484048,0.856122547,0.143877453
7,7,7,1013462,9/29/2021,441168,1013462_0.csv,2036,147056,1764672,866.7347741,0.012130034,0.987869966,-0.012282438,0.01212758,1.98E-06,71453.61477,"('Q3', '2021')",https://www.sec.gov/Archives/edgar/data/1013462/000101346221000048/Financial_Report.xlsx,2021-09,0,0,0,85.77730026,"Q3,2021",0,-0.133736365,#NAME?,5974752,1635508,0.27373655,4339244,856293,4339244,5092695,4339244,0.852052597,0.147947403
8,8,8,1013462,6/29/2021,446654,1013462_0.csv,2061,148884.6667,1786616,866.8685104,-0.229713604,1.229713604,0.229686201,0.012278388,2.01E-06,-3773.692529,"('Q2', '2021')",https://www.sec.gov/Archives/edgar/data/1013462/000101346221000039/Financial_Report.xlsx,2021-06,0,0,0,85.63586132,"Q2,2021",0,-0.01931773,#NAME?,5890772,1640554,0.278495586,4250218,861534,4250218,5003545,4250218,0.849441346,0.150558654
9,9,9,1013462,3/30/2021,363226,1013462_0.csv,1676,121075.3333,1452904,866.8878282,0.417651147,0.582348853,-0.417613992,0.009984977,1.63E-06,2075.626597,"('Q1', '2021')",https://www.sec.gov/Archives/edgar/data/1013462/000101346221000017/Financial_Report.xlsx,2021-03,0,0,0,82.90238034,"Q1,2021",0,0.055305577,#NAME?,5818028,1706059,0.293236643,4111969,907657,4111969,4905484,4111969,0.838239203,0.161760797
10,10,10,1013462,12/30/2020,623686,1013462_0.csv,2878,207895.3333,2494744,866.8325226,,,,0.020671362,2.95E-06,,"('Q4', '2020')",https://www.sec.gov/Archives/edgar/data/1013462/000101346221000009/Financial_Report.xlsx,2020-12,0,,,89.11263039,"Q4,2020",,NaN,,5940590,1842718,0.310191075,4097872,919058,4097872,4895990,4097872,0.83698537,0.16301463
11,11,11,1013857,ttm,1211653,1013857_0.csv,662,403884.3333,4846612,7321.166163,0.041968162,0.958031838,2.832113579,0.028194369,6.08E-07,174445.7179,"('-1', 'ttm')",,2021-ttm,625886,,,72.23932925,"-1,ttm",,5490.868044,,,,,,,,,,,
12,12,12,1013857,12/30/2021,316184,1013857_0.csv,691,105394.6667,1264736,1830.298119,-0.233928571,1.233928571,0.233802113,0.008691806,6.73E-07,-7824.175164,"('Q4', '2021')",,2021-12,168245,1284.312977,17.57758881,73.065367,"Q4,2021",0.115244103,-0.187595617,-6.092109403,1593531,1177443,0.738889297,416088,685529,416088,1006810,416088,0.413273607,0.586726393
13,13,13,1013857,9/29/2021,256268,1013857_0.csv,560,85422.66667,1025072,1830.485714,0.212376934,0.787623066,-0.213182603,0.007044733,5.45E-07,8619.042006,"('Q3', '2021')",https://www.sec.gov/Archives/edgar/data/1013857/000101385721000242/Financial_Report.xlsx,2021-09,152479,-1009.794702,-15.0412139,67.1351866,"Q3,2021",-0.098604739,-1.874341973,-8.535439915,1555397,1095765,0.704492165,459632,676857,459632,1049401,459632,0.437994627,0.562005373
14,14,14,1013857,6/29/2021,325702,1013857_0.csv,711,108567.3333,1302808,1832.360056,-0.037956204,1.037956204,0.038925164,0.008953453,6.93E-07,-48275.63994,"('Q2', '2021')",https://www.sec.gov/Archives/edgar/data/1013857/000101385721000175/Financial_Report.xlsx,2021-06,156423,6016.269231,81.24985678,74.04652105,"Q2,2021",0.532099725,1.708961368,-8.024182112,1602570,1080102,0.673981168,522468,631155,522468,1111560,522468,0.470031307,0.529968693
15,15,15,1013857,3/30/2021,313499,1013857_0.csv,685,104499.6667,1253996,1830.651095,-0.050613497,1.050613497,0.049896182,0.008617996,6.67E-07,-36169.22769,"('Q1', '2021')",https://www.sec.gov/Archives/edgar/data/1013857/000101385721000093/Financial_Report.xlsx,2021-03,148739,4507.242424,61.15575683,73.70103254,"Q1,2021",0.400878728,-1.2507456,-8.024690995,1528503,1049578,0.686670553,478925,624889,478925,1067343,478925,0.448707679,0.551292321
16,16,16,1013857,12/30/2020,298600,1013857_0.csv,652,99533.33333,1194400,1831.90184,,,,0.009896757,6.67E-07,,"('Q4', '2020')",https://www.sec.gov/Archives/edgar/data/1013857/000101385721000032/Financial_Report.xlsx,2020-12,150009,,,74.24815807,"Q4,2020",,NaN,,1604262,1062090,0.662042734,542172,577256,542172,1060375,542172,0.511302134,0.488697866
17,17,17,1015739,ttm,16854,1015739_0.csv,15000,5618,67416,4.4944,-0.054481547,1.054481547,3.217717718,0.000392182,1.38E-05,-82.4939871,"('-1', 'ttm')",,2021-ttm,6324,,,92.82662869,"-1,ttm",,3.370744464,,,,,,,,,,,
18,18,18,1015739,12/30/2021,3996,1015739_0.csv,14225,1332,15984,1.123655536,0.042860988,0.957139012,-0.042874251,0.000109849,1.39E-05,26.2162772,"('Q4', '2021')",,2021-12,1540,-2.417582418,-0.025969514,93.09309309,"Q4,2021",-0.277339596,-1.56E-05,-10.84400557,48373,6851,0.141628594,41522,70.012,41522,41522,41522,1,0
19,19,19,1015739,9/29/2021,4175,1015739_0.csv,14862,1391.666667,16700,1.123671108,0.020884116,0.979115884,-0.02087242,0.00011477,1.45E-05,53.80505912,"('Q3', '2021')",https://www.sec.gov/Archives/edgar/data/1015739/000156459021052320/Financial_Report.xlsx,2021-09,1631,-5.14511041,-0.054630814,94.17964072,"Q3,2021",-0.583417835,1.34E-05,-10.45751302,47917,5768,0.120374815,42149,80.438,42149,42149,42149,1,0
20,20,20,1015739,6/29/2021,4264,1015739_0.csv,15179,1421.333333,17056,1.123657685,0.03508995,0.96491005,-0.035075809,0.000117216,1.48E-05,32.02220841,"('Q2', '2021')",https://www.sec.gov/Archives/edgar/data/1015739/000156459021038614/Financial_Report.xlsx,2021-06,1500,-2.717391304,-0.029296982,92.7532833,"Q2,2021",-0.312874457,1.65E-05,-11.78417269,48031,4744,0.098769545,43287,89.355,43287,43287,43287,1,0
21,21,21,1015739,3/30/2021,4419,1015739_0.csv,15731,1473,17676,1.123641218,-0.289849131,1.289849131,0.289842382,0.000121477,1.53E-05,-3.876641667,"('Q1', '2021')",https://www.sec.gov/Archives/edgar/data/1015739/000156459021021322/Financial_Report.xlsx,2021-03,1652,0.467326733,0.005116741,91.33288074,"Q1,2021",0.054644575,-5.88E-06,-8.29535611,49715,5350,0.107613396,44365,97.756,44365,44365,44365,1,0
22,22,22,1015739,12/30/2020,3426,1015739_0.csv,12196,1142,13704,1.123647097,,,,0.000113551,1.25E-05,,"('Q4', '2020')",https://www.sec.gov/Archives/edgar/data/1015739/000156459021006373/Financial_Report.xlsx,2020-12,1640,,,90.45534151,"Q4,2020",,NaN,,51628,5958,0.115402495,45670,324.804,45670,45670,45670,1,0
23,23,23,1017655,ttm,14626,1017655_0.csv,370267,4875.333333,58504,0.158004899,-2.770232568,3.770232568,3.202873563,0.000340337,0.000340236,-0.057036691,"('-1', 'ttm')",,2021-ttm,0,,,23.61547928,"-1,ttm",,0.016264919,,,,,,,,,,,
24,24,24,1017655,9/29/2021,3480,1017655_0.csv,98208,1160,13920,0.14173998,0.133471567,0.866528433,-0.133466135,9.57E-05,9.57E-05,1.061948878,"('Q3', '2021')",https://www.sec.gov/Archives/edgar/data/1017655/000185173421000089/Financial_Report.xlsx,2021-09,0,0,0,22.32758621,"Q3,2021",0,8.88E-07,#NAME?,6246,3104,0.496958053,3142,383.772,3142,3142,3142,1,0
25,25,25,1017655,6/29/2021,4016,1017655_0.csv,113335,1338.666667,16064,0.141739092,-0.14318136,1.14318136,0.143182465,0.000110399,0.000110398,-0.989926988,"('Q2', '2021')",https://www.sec.gov/Archives/edgar/data/1017655/000165495421009086/Financial_Report.xlsx,2021-06,0,0,0,23.23207171,"Q2,2021",0,1.37E-07,#NAME?,6352,3086,0.485831234,3267,441.514,3267,3267,3266,0.999693909,0.000306091
26,26,26,1017655,3/30/2021,3513,1017655_0.csv,99140,1171,14052,0.141738955,0.153546668,0.846453332,-0.02875311,9.66E-05,9.66E-05,0.923100165,"('Q1', '2021')",https://www.sec.gov/Archives/edgar/data/1017655/000165495421005705/Financial_Report.xlsx,2021-03,0,0,0,25.02134927,"Q1,2021",0,0.018211753,#NAME?,6116,3009,0.491988228,3107,730.472,3107,3107,3107,1,0
27,27,27,1017655,12/30/2020,3617,1017655_0.csv,117124,1205.666667,14468,0.123527202,,,,0.000119881,0.000119881,,"('Q4', '2020')",https://www.sec.gov/Archives/edgar/data/1017655/000165495421003649/Financial_Report.xlsx,2020-12,0,,,23.88719934,"Q4,2020",,NaN,,5787,2804,0.484534301,2983,2382,2983,2983,2983,1,0
28,28,28,1019034,ttm,5243,1019034_0.csv,1000,1747.666667,20972,20.972,-0.009081736,1.009081736,3.036181678,0.000122001,9.19E-07,-2309.250222,"('-1', 'ttm')",,2021-ttm,0,,,69.2733168,"-1,ttm",,15.7288113,,,,,,,,,,,
29,29,29,1019034,9/29/2021,1299,1019034_0.csv,991,433,5196,5.243188698,-0.310846561,1.310846561,0.309357014,3.57E-05,9.65E-07,-16.8674496,"('Q3', '2021')",https://www.sec.gov/Archives/edgar/data/1019034/000143774921026757/Financial_Report.xlsx,2021-09,0,0,0,77.31531948,"Q3,2021",0,-0.005964741,#NAME?,20728,3195,0.154139328,17533,2632,17533,17533,17533,1,0
30,30,30,1019034,6/29/2021,992.09,1019034_0.csv,756,330.6966667,3968.36,5.249153439,0.47536433,0.52463567,-0.474806776,2.73E-05,7.36E-07,11.04237972,"('Q2', '2021')",https://www.sec.gov/Archives/edgar/data/1019034/000143774921020184/Financial_Report.xlsx,2021-06,0,0,0,75.85209003,"Q2,2021",0,0.005572593,#NAME?,20944,2445,0.116739878,18499,5276,18499,18499,18499,1,0
31,31,31,1019034,3/30/2021,1889,1019034_0.csv,1441,629.6666667,7556,5.243580847,-0.776818742,1.776818742,0.77537594,5.19E-05,1.40E-06,-6.750069947,"('Q1', '2021')",https://www.sec.gov/Archives/edgar/data/1019034/000143774921012546/Financial_Report.xlsx,2021-03,0,0,0,59.41582848,"Q1,2021",0,-0.004261324,#NAME?,21483,1861,0.086626635,19622,7870,19622,19622,19622,1,0
32,32,32,1019034,12/30/2020,1064,1019034_0.csv,811,354.6666667,4256,5.24784217,,,,3.53E-05,8.30E-07,,"('Q4', '2020')",https://www.sec.gov/Archives/edgar/data/1019034/000143774921007486/Financial_Report.xlsx,2020-12,0,,,70.81766917,"Q4,2020",,NaN,,22521,2185,0.097020559,20335,-,20335,20335,20336,1.000049176,-4.92E-05
33,33,33,1019671,ttm,23866,1019671_0.csv,200,7955.333333,95464,477.32,0.163179916,0.836820084,2.337435324,0.000555346,1.84E-07,2925.114872,"('-1', 'ttm')",,2021-ttm,5402,,,56.52811531,"-1,ttm",,357.6379916,,,,,,,,,,,
34,34,34,1019671,10/30/2021,7151,1019671_0.csv,239,2383.666667,28604,119.6820084,-0.091324201,1.091324201,0.093425076,0.000196579,2.33E-07,-1310.517992,"('Q3', '2021')",https://www.sec.gov/Archives/edgar/data/1019671/000156459021060353/Financial_Report.xlsx,2021-09,1449,72.45,1.39571646,51.90882394,"Q3,2021",0.139942484,0.229953574,-18.08858512,54515,10654,0.19543245,43861,0,43861,43861,43861,1,0
35,35,35,1019671,7/30/2021,6540,1019671_0.csv,219,2180,26160,119.4520548,-0.295857988,1.295857988,0.294536817,0.000179783,2.13E-07,-403.7479452,"('Q2', '2021')",https://www.sec.gov/Archives/edgar/data/1019671/000156459021047915/Financial_Report.xlsx,2021-06,1643,32.86,0.521992713,62.95107034,"Q2,2021",0.052438718,-0.121909703,-12.28691251,57805,11822,0.20451518,45983,0,45983,45983,45983,1,0
36,36,36,1019671,4/29/2021,5052,1019671_0.csv,169,1684,20208,119.5739645,0.011695906,0.988304094,-0.013859067,0.000138878,1.65E-07,10223.57396,"('Q1', '2021')",https://www.sec.gov/Archives/edgar/data/1019671/000156459021032653/Financial_Report.xlsx,2021-03,1380,-690,-12.3132462,56.03721298,"Q1,2021",-1.235711763,-0.262292813,-14.81677386,62018,16696,0.269212164,45322,1037,45322,45591,45322,0.994099713,0.005900287
37,37,37,1019671,1/30/2021,5123,1019671_0.csv,171,1707.666667,20492,119.8362573,,,,0.00014083,1.67E-07,,"('Q4', '2020')",https://www.sec.gov/Archives/edgar/data/1019671/000156459021018886/Financial_Report.xlsx,2020-12,930,,,55.2605895,"Q4,2020",,NaN,,50408,18867,0.374285828,31541,1070,31541,32614,31541,0.967100018,0.032899982
38,38,38,1021435,ttm,3517,1021435_0.csv,89035,1172.333333,14068,0.158005279,-2.431550143,3.431550143,2.825320861,8.18E-05,8.18E-05,-0.064981296,"('-1', 'ttm')",,2021-ttm,561.2,,,95.37105488,"-1,ttm",,0.016264741,,,,,,,,,,,
39,39,39,1021435,9/29/2021,919.4,1021435_0.csv,25946,306.4666667,3677.6,0.141740538,-0.022583061,1.022583061,0.022578134,2.53E-05,2.53E-05,-6.276409549,"('Q3', '2021')",https://www.sec.gov/Archives/edgar/data/1021435/000149315221028712/Financial_Report.xlsx,2021-09,152,0.265270506,0.00276112,96.07352621,"Q3,2021",0.233761187,-6.83E-07,-23.66041231,5549,1743,0.314110651,3806,528070,3806,3806,3806,1,0
40,40,40,1021435,6/29/2021,899.1,1021435_0.csv,25373,299.7,3596.4,0.141741221,-0.04523172,1.04523172,0.045222041,2.47E-05,2.47E-05,-3.133668615,"('Q2', '2021')",https://www.sec.gov/Archives/edgar/data/1021435/000149315221020265/Financial_Report.xlsx,2021-06,153.1,0.139435337,0.00146885,94.92826159,"Q2,2021",0.124354756,-1.31E-06,-22.47399177,5424,1980,0.365044248,3444,407718,3444,3444,3444,1,0
41,41,41,1021435,3/30/2021,860.2,1021435_0.csv,24275,286.7333333,3440.8,0.141742533,0.106156565,0.893843435,0.025634911,2.36E-05,2.36E-05,1.335221548,"('Q1', '2021')",https://www.sec.gov/Archives/edgar/data/1021435/000149315221011959/Financial_Report.xlsx,2021-03,143,-0.04960111,-0.000522878,94.86166008,"Q1,2021",-0.044267167,0.018213555,-26.91918688,5298,2003,0.378067195,3296,405023,3296,3296,3295,0.999696602,0.000303398
42,42,42,1021435,12/30/2020,838.7,1021435_0.csv,27158,279.5666667,3354.8,0.123528979,,,,2.78E-05,2.78E-05,,"('Q4', '2020')",https://www.sec.gov/Archives/edgar/data/1021435/000149315221007517/Financial_Report.xlsx,2020-12,113.1,,,95.58841064,"Q4,2020",,NaN,,4859,1943,0.399876518,2916,403833,2916,2916,2916,1,0
43,43,43,1022505,ttm,6.667,1022505_0.csv,168,2.222333333,26.668,0.158738095,#NAME?,inf,inf,1.55E-07,1.54E-07,0,"('-1', 'ttm')",,2021-ttm,124.518,,,100,"-1,ttm",,,,,,,,,,,,,
44,44,44,1022505,12/30/2021,0,1022505_0.csv,0,0,0,,,,,0,0,,"('Q4', '2021')",,2021-12,53.393,,,,"Q4,2021",,,,5925,1289,0.217552743,4637,402181,4637,4637,4636,0.999784343,0.000215657
45,45,45,1022505,9/29/2021,0,1022505_0.csv,0,0,0,,,,,0,0,,"('Q3', '2021')",https://www.sec.gov/Archives/edgar/data/1022505/000149315221032215/Financial_Report.xlsx,2021-09,39.875,,,,"Q3,2021",,,,6754,1488,0.220313888,5266,3523,5266,5266,5266,1,0
46,46,46,1022505,6/29/2021,0,1022505_0.csv,0,0,0,,1,0,-1,0,0,,"('Q2', '2021')",https://www.sec.gov/Archives/edgar/data/1022505/000149315221020128/Financial_Report.xlsx,2021-06,0,0,,,"Q2,2021",,,,6857,554.851,0.080917457,6302,3174,6302,6302,6302.149,1.000023643,-2.36E-05
47,47,47,1022505,3/30/2021,6.667,1022505_0.csv,188,2.222333333,26.668,0.141851064,0.335689046,0.664310954,-0.238057143,1.83E-07,1.83E-07,0.422566853,"('Q1', '2021')",https://www.sec.gov/Archives/edgar/data/1022505/000149315221011823/Financial_Report.xlsx,2021-03,31.25,-0.328947368,-0.003289474,100,"Q1,2021",-0.27827556,0.018176152,-1.284603234,5975,2473,0.413891213,3501,3532,3501,3501,3502,1.000285633,-0.000285633
48,48,48,1022505,12/30/2020,8.75,1022505_0.csv,283,2.916666667,35,0.123674912,,,,2.90E-07,2.90E-07,,"('Q4', '2020')",https://www.sec.gov/Archives/edgar/data/1022505/000149315221003963/Financial_Report.xlsx,2020-12,25,,,100,"Q4,2020",,NaN,,982.687,1929,1.962985162,946.672,4708,946.672,841.741,-946.313,-1.124232989,2.124232989
49,49,49,1023731,ttm,601477,1023731_0.csv,1200000,200492.3333,2405908,2.004923333,0.041464642,0.958535358,2.834140775,0.013995974,0.001102672,48.35260201,"('-1', 'ttm')",,2021-ttm,300134,,,60.06996111,"-1,ttm",,1.503692414,,,,,,,,,,,
50,50,50,1023731,12/30/2021,156874,1023731_0.csv,1251910,52291.33333,627496,0.501230919,-0.035082904,1.035082904,0.03508251,0.004312421,0.001219472,-14.28704208,"('Q4', '2021')",,2021-12,76797,1.80988405,0.029258424,61.85856165,"Q4,2021",0.700477723,-1.90E-07,-7.893899106,755841,638668,0.844976655,117173,5431,117173,558161,117173,0.209926885,0.790073115
51,51,51,1023731,9/29/2021,151557,1023731_0.csv,1209478,50519,606228,0.50123111,-0.021775751,1.021775751,0.021776211,0.004166258,0.001178139,-23.01785641,"('Q3', '2021')",https://www.sec.gov/Archives/edgar/data/1023731/000102373121000243/Financial_Report.xlsx,2021-09,76726,2.976644941,0.048988096,60.76261737,"Q3,2021",1.172826551,2.25E-07,-7.732818952,672842,520291,0.773273666,152551,1488748,152551,469842,152551,0.324685745,0.675314255
52,52,52,1023731,6/29/2021,148327,1023731_0.csv,1183702,49442.33333,593308,0.501230884,-0.024931856,1.024931856,0.024931073,0.004077466,0.001153031,-20.1040341,"('Q2', '2021')",https://www.sec.gov/Archives/edgar/data/1023731/000102373121000161/Financial_Report.xlsx,2021-06,75915,2.636486768,0.044152394,59.71333608,"Q2,2021",1.057055242,-3.83E-07,-7.625311966,675658,518862,0.767935849,156796,1353431,156796,469624,156796,0.333875611,0.666124389
53,53,53,1023731,3/30/2021,144719,1023731_0.csv,1154908,48239.66667,578876,0.501231267,-0.058777368,1.058777368,0.058777481,0.003978283,0.001124983,-8.527623585,"('Q1', '2021')",,2021-03,70696,1.102660885,0.019086666,57.77126708,"Q1,2021",0.45695472,5.37E-08,-7.733677415,678409,517905,0.763411158,160504,1324504,160504,468939,160504,0.34227053,0.65772947
54,54,54,1023731,12/30/2020,136685,1023731_0.csv,1090794,45561.66667,546740,0.501231213,,,,0.004530269,0.001116473,,"('Q4', '2020')",https://www.sec.gov/Archives/edgar/data/1023731/000102373121000091/Financial_Report.xlsx,2020-12,63986,,,55.80495299,"Q4,2020",,NaN,,692811,525408,0.758371331,167403,716354,167403,471514,167403,0.355032936,0.644967064
55,55,55,1029744,ttm,33255,1029744_0.csv,4700,11085,133020,28.30212766,-0.146341463,1.146341463,3.584999311,0.000773822,4.32E-06,-193.3978723,"('-1', 'ttm')",,2021-ttm,12051,,,69.96541873,"-1,ttm",,21.2260301,,,,,,,,,,,
56,56,56,1029744,12/30/2021,7253,1029744_0.csv,4100,2417.666667,29012,7.076097561,0.159491595,0.840508405,-0.159559676,0.000199383,3.99E-06,44.36658599,"('Q4', '2021')",,2021-12,3091,-3.973007712,-0.055975573,70.97752654,"Q4,2021",-0.094926175,-0.000573206,-11.16700223,21842,16978,0.77730977,4864,294377,4864,5418,4864,0.897748247,0.102251753
57,57,57,1029744,9/29/2021,8630,1029744_0.csv,4878,2876.666667,34520,7.076670767,0.003676471,0.996323529,-0.003579263,0.000237236,4.75E-06,1924.854449,"('Q3', '2021')",https://www.sec.gov/Archives/edgar/data/1029744/000143774921028230/Financial_Report.xlsx,2021-09,3205,-178.0555556,-2.585160573,68.8760139,"Q3,2021",-4.383689435,0.000690375,-10.810415,24015,17875,0.744326463,6140,11358,6140,6696,6140,0.916965352,0.083034648
58,58,58,1029744,6/29/2021,8661,1029744_0.csv,4896,2887,34644,7.075980392,0.005686434,0.994313566,-0.005739869,0.000238088,4.77E-06,1244.361695,"('Q2', '2021')",https://www.sec.gov/Archives/edgar/data/1029744/000143774921019692/Financial_Report.xlsx,2021-06,2860,-102.1428571,-1.464910226,69.72635954,"Q2,2021",-2.484309133,-0.00038029,-12.18256205,19573,16534,0.844735094,3039,12087,3039,3591,3039,0.846282373,0.153717627
59,59,59,1029744,3/30/2021,8711,1029744_0.csv,4924,2903.666667,34844,7.076360682,0.049604323,0.950395677,-0.049536279,0.000239463,4.80E-06,142.6561272,"('Q1', '2021')",https://www.sec.gov/Archives/edgar/data/1029744/000143774921012090/Financial_Report.xlsx,2021-03,2895,-11.26459144,-0.159918279,70.43967398,"Q1,2021",-0.271187328,0.0005066,-12.66411907,18273,18057,0.988179281,216,13488,216,2305,216,0.093709328,0.906290672
60,60,60,1029744,12/30/2020,9165,1029744_0.csv,5181,3055,36660,7.075854082,,,,0.000303763,5.30E-06,,"('Q4', '2020')",https://www.sec.gov/Archives/edgar/data/1029744/000143774921002630/Financial_Report.xlsx,2020-12,3010,,,73.6933988,"Q4,2020",,NaN,,19630,19697,1.003413143,67,15263,67,2332,-67,-0.028730703,1.028730703
61,61,61,1031308,ttm,965046,1031308_0.csv,24430845,321682,3860184,0.158004523,-2.187053756,3.187053756,2.552796083,0.022455986,0.022449332,-0.072245377,"('-1', 'ttm')",,2021-ttm,162240,,,77.56179498,"-1,ttm",,0.016265764,,,,,,,,,,,
62,62,62,1031308,12/30/2021,271630,1031308_0.csv,7665652,90543.33333,1086520,0.141738759,-0.093166515,1.093166515,0.093166452,0.00746703,0.007467029,-1.521348726,"('Q4', '2021')",,2021-12,47394,0.072543872,0.000929209,78.07053713,"Q4,2021",0.078669463,-8.16E-09,-20.97142978,2659243,2250021,0.846113349,409222,14071,409222,1840214,409222,0.222377397,0.777622603
63,63,63,1031308,9/29/2021,248480,1031308_0.csv,7012337,82826.66667,993920,0.141738767,-0.114604866,1.114604866,0.114604967,0.006830643,0.006830642,-1.236760462,"('Q3', '2021')",https://www.sec.gov/Archives/edgar/data/1031308/000162828021022518/Financial_Report.xlsx,2021-09,44392,0.061568675,0.00078758,78.17450097,"Q3,2021",0.066678725,1.29E-08,-20.08749507,2454083,2075085,0.845564311,378998,10180,378998,1681843,378998,0.225346837,0.774653163
64,64,64,1031308,6/29/2021,222931,1031308_0.csv,6291321,74310.33333,891724,0.141738754,-0.004171144,1.004171144,0.004171077,0.006128308,0.006128308,-33.98078832,"('Q2', '2021')",https://www.sec.gov/Archives/edgar/data/1031308/000162828021016397/Financial_Report.xlsx,2021-06,38014,1.454635901,0.019134024,76.02352297,"Q2,2021",1.619940062,-9.39E-09,-23.36033938,2454115,1982301,0.807745766,471814,10579,471814,1741656,471814,0.27089965,0.72910035
65,65,65,1031308,3/30/2021,222005,1031308_0.csv,6265188,74001.66667,888020,0.141738763,0.118810214,0.881189786,0.011103672,0.006102853,0.006102852,1.192984663,"('Q1', '2021')",https://www.sec.gov/Archives/edgar/data/1031308/000162828021009814/Financial_Report.xlsx,2021-03,32440,-0.038402758,-0.00049362,77.79824779,"Q1,2021",-0.041791235,0.018211618,-31.06507791,1626868,1272871,0.782405825,353997,11154,353997,1026596,353997,0.344826008,0.655173992
66,66,66,1031308,12/30/2020,219567,1031308_0.csv,7109919,73189,878268,0.123527146,,,,0.007277298,0.007277297,,"('Q4', '2020')",https://www.sec.gov/Archives/edgar/data/1031308/000162828021003727/Financial_Report.xlsx,2020-12,36240,,,76.97149389,"Q4,2020",,NaN,,1126035,784436,0.69663554,341599,11661,341599,587599,341599,0.581347143,0.418652857
67,67,67,1039280,ttm,58046,1039280_0.csv,1469476,19348.66667,232184,0.158004622,-2.365248178,3.365248178,2.751437989,0.001350692,0.001350291,-0.066802555,"('-1', 'ttm')",,2021-ttm,6815,,,46.54067464,"-1,ttm",,0.016265703,,,,,,,,,,,
68,68,68,1039280,12/30/2021,15473,1039280_0.csv,436662,5157.666667,61892,0.141738919,-0.152893838,1.152893838,0.152894717,0.000425348,0.000425348,-0.927041408,"('Q4', '2021')",,2021-12,1807,0.031204131,0.000631717,49.39572158,"Q4,2021",0.053482892,1.08E-07,-29.70893244,81499,21473,0.263475625,60026,12399,53101,53125,60026,1.129901176,-0.129901176
69,69,69,1039280,9/29/2021,13421,1039280_0.csv,378753,4473.666667,53684,0.141738811,0.126691553,0.873308447,-0.126691827,0.000368939,0.000368939,1.118770806,"('Q3', '2021')",https://www.sec.gov/Archives/edgar/data/1039280/000149315221028037/Financial_Report.xlsx,2021-09,1620,-0.029483493,-0.000726985,40.55584532,"Q3,2021",-0.061548565,-4.44E-08,-37.94566711,80889,21845,0.270061442,59044,4413,52605,52915,59044,1.11582727,-0.11582727
70,70,70,1039280,6/29/2021,15368,1039280_0.csv,433699,5122.666667,61472,0.141738856,-0.114916053,1.114916053,0.114915844,0.000422462,0.000422462,-1.233412144,"('Q2', '2021')",,2021-06,1791,0.040065321,0.000820528,48.82873503,"Q2,2021",0.06946811,-2.66E-08,-30.78503052,86606,24741,0.285673048,61866,8782,54650,55244,61865,1.119850119,-0.119850119
71,71,71,1039280,3/30/2021,13784,1039280_0.csv,388997,4594.666667,55136,0.141738882,0.084450125,0.915549875,0.050529685,0.000378918,0.000378918,1.67837387,"('Q1', '2021')",https://www.sec.gov/Archives/edgar/data/1039280/000149315221011242/Financial_Report.xlsx,2021-03,1596,-0.044480366,-0.000954268,46.61201393,"Q1,2021",-0.080790952,0.018211658,-37.73291531,88316,27237,0.308403913,61079,9461,53636,54491,61079,1.120900699,-0.120900699
72,72,72,1039280,12/30/2020,13121,1039280_0.csv,424878,4373.666667,52484,0.123527224,,,,0.000434881,0.00043488,,"('Q4', '2020')",https://www.sec.gov/Archives/edgar/data/1039280/000149315221023957/Financial_Report.xlsx,2020-12,1558,,,46.04831949,"Q4,2020",,NaN,,85459,24240,0.283644789,61219,12127,53932,55426,61219,1.104517735,-0.104517735
73,73,73,1044777,ttm,214481,1044777_0.csv,10000,71493.66667,857924,85.7924,0.093463875,0.906536125,2.62586851,0.004990832,9.19E-06,917.920431,"('-1', 'ttm')",,2021-ttm,62730,,,66.64226668,"-1,ttm",,64.34266743,,,,,,,,,,,
74,74,74,1044777,12/30/2021,59153,1044777_0.csv,11031,19717.66667,236612,21.44973257,-0.131500667,1.131500667,0.131551764,0.001626099,1.07E-05,-163.11501,"('Q4', '2021')",,2021-12,12880,10.04680187,0.173492474,57.90915085,"Q4,2021",0.097059937,0.000968596,-16.23551575,342271,122491,0.357877238,219780,13105,219780,219780,219780,1,0
75,75,75,1044777,9/29/2021,52276,1044777_0.csv,9749,17425.33333,209104,21.44876398,0,1,-1.91E-05,0.001437052,9.50E-06,inf,"('Q3', '2021')",https://www.sec.gov/Archives/edgar/data/1044777/000155837021014082/Financial_Report.xlsx,2021-09,15474,,,71.58160533,"Q3,2021",,-0.000410298,,341345,110726,0.324381491,230619,2231759,230619,230619,230619,1,0
76,76,76,1044777,6/29/2021,52277,1044777_0.csv,9749,17425.66667,209108,21.44917427,-0.029570176,1.029570176,0.029581487,0.001437079,9.50E-06,-725.3651114,"('Q2', '2021')",https://www.sec.gov/Archives/edgar/data/1044777/000155837021010220/Financial_Report.xlsx,2021-06,15997,57.13214286,0.83410982,68.49474912,"Q2,2021",0.466652828,0.000235632,-12.69627,354328,115683,0.326485629,238645,2231973,238645,238645,238645,1,0
77,77,77,1044777,3/30/2021,50775,1044777_0.csv,9469,16925,203100,21.44893864,0.040628166,0.959371834,-0.040677902,0.00139579,9.22E-06,527.9327292,"('Q1', '2021')",https://www.sec.gov/Archives/edgar/data/1044777/000155837021005697/Financial_Report.xlsx,2021-03,18379,-45.83291771,-0.656408878,69.82373215,"Q1,2021",-0.367239921,-0.001112017,-11.51863673,362477,115997,0.320012028,246480,2231827,246480,246480,246480,1,0
78,78,78,1044777,12/30/2020,52928,1044777_0.csv,9870,17642.66667,211712,21.45005066,,,,0.001754238,1.01E-05,,"('Q4', '2020')",https://www.sec.gov/Archives/edgar/data/1044777/000155837021001842/Financial_Report.xlsx,2020-12,16727,,,74.18001814,"Q4,2020",,NaN,,375203,117863,0.314131284,257340,1743763,257340,257340,257340,1,0
79,79,79,1046327,ttm,58183,1046327_0.csv,500,19394.33333,232732,465.464,-0.086956522,1.086956522,3.34136696,0.00135388,4.59E-07,-5352.836,"('-1', 'ttm')",,2021-ttm,22520,,,76.35735524,"-1,ttm",,348.9248696,,,,,,,,,,,
80,80,80,1046327,12/30/2021,13402,1046327_0.csv,460,4467.333333,53608,116.5391304,0.06504065,0.93495935,-0.064889757,0.000368417,4.48E-07,1791.78913,"('Q4', '2021')",,2021-12,4947,-154.59375,-2.068555748,74.73511416,"Q4,2021",-0.212998577,0.018805232,-11.5903077,69308,23235,0.335242685,46073,570694,46065,46073,46073,1,0
81,81,81,1046327,9/29/2021,14332,1046327_0.csv,492,4777.333333,57328,116.5203252,0.016,0.984,-0.015726942,0.000393983,4.79E-07,7282.520325,"('Q3', '2021')",https://www.sec.gov/Archives/edgar/data/1046327/000104632721000042/Financial_Report.xlsx,2021-09,7177,-897.125,-11.46668644,78.23751047,"Q3,2021",-1.180911888,0.032325203,-8.117620538,74879,26569,0.354825786,48310,1026,48302,48310,48310,1,0
82,82,82,1046327,6/29/2021,14561,1046327_0.csv,500,4853.666667,58244,116.488,0.084249084,0.915750916,-0.083522155,0.000400278,4.87E-07,1382.661913,"('Q2', '2021')",https://www.sec.gov/Archives/edgar/data/1046327/000104632721000033/Financial_Report.xlsx,2021-06,5259,-114.326087,-1.514880473,75.46871781,"Q2,2021",-0.156055265,0.092395604,-12.0940194,80450,24625,0.30609074,55825,1114,55817,55825,55825,1,0
83,83,83,1046327,3/30/2021,15888,1046327_0.csv,546,5296,63552,116.3956044,0.097520661,0.902479339,-0.097324016,0.000436756,5.32E-07,1193.548147,"('Q1', '2021')",https://www.sec.gov/Archives/edgar/data/1046327/000162828021010092/Financial_Report.xlsx,2021-03,5137,-87.06779661,-1.133043781,76.84415911,"Q1,2021",-0.116813048,0.025356462,-13.70826176,69278,33287,0.480484425,35991,1515,36351,39261,35991,0.91671124,0.08328876
84,84,84,1046327,12/30/2020,17601,1046327_0.csv,605,5867,70404,116.3702479,,,,0.000583365,6.19E-07,,"('Q4', '2020')",https://www.sec.gov/Archives/edgar/data/1046327/000104632721000018/Financial_Report.xlsx,2020-12,5073,,,77.06948469,"Q4,2020",,NaN,,81756,35869,0.438732325,45887,1368,46141,49044,45887,0.935629231,0.064370769
85,85,85,1050446,ttm,510762,1050446_0.csv,4000,170254,2043048,510.762,0.050557797,0.949442203,2.797063525,0.011885096,3.68E-06,10102.53665,"('-1', 'ttm')",,2021-ttm,160141,,,82.00551333,"-1,ttm",,383.0477821,,,,,,,,,,,
86,86,86,1050446,12/30/2021,134515,1050446_0.csv,4213,44838.33333,538060,127.7142179,-0.050885508,1.050885508,0.050947701,0.003697778,4.10E-06,-2509.834802,"('Q4', '2021')",,2021-12,43413,212.8088235,2.590305025,82.15589339,"Q4,2021",0.243384494,0.007557882,-11.79384745,3557124,2578166,0.724789465,978958,1720,978958,3134109,978958,0.31235608,0.68764392
87,87,87,1050446,9/29/2021,127994,1050446_0.csv,4009,42664.66667,511976,127.70666,-0.021141111,1.021141111,0.021084794,0.003518518,3.91E-06,-6040.678882,"('Q3', '2021')",https://www.sec.gov/Archives/edgar/data/1050446/000156459021052646/Financial_Report.xlsx,2021-09,38209,460.3493976,5.575771071,82.56246387,"Q3,2021",0.523929236,-0.0070435,-13.12194371,2986244,2524930,0.845520326,461314,1784,461314,2614348,461314,0.176454703,0.823545297
88,88,88,1050446,6/29/2021,125351,1050446_0.csv,3926,41783.66667,501404,127.7137035,-0.020005196,1.020005196,0.019926445,0.003445862,3.82E-06,-6384.026556,"('Q2', '2021')",https://www.sec.gov/Archives/edgar/data/1050446/000156459021039125/Financial_Report.xlsx,2021-06,40321,523.6493506,6.415604054,81.62120765,"Q2,2021",0.602811183,-0.009861047,-12.19141502,2624359,2546940,0.970499844,77419,1835,77419,2228346,77419,0.034742809,0.965257191
89,89,89,1050446,3/30/2021,122902,1050446_0.csv,3849,40967.33333,491608,127.7235646,0.064186725,0.935813275,-0.064095828,0.00337854,3.75E-06,1989.87508,"('Q1', '2021')",https://www.sec.gov/Archives/edgar/data/1050446/000156459021021949/Financial_Report.xlsx,2021-03,38198,-144.6893939,-1.772006407,81.65286163,"Q1,2021",-0.166485151,0.012404825,-13.7527363,2443079,2078041,0.85058281,365038,3484,365038,2026952,365038,0.180092079,0.819907921
90,90,90,1050446,12/30/2020,131319,1050446_0.csv,4113,43773,525276,127.7111597,,,,0.004352419,4.21E-06,,"('Q4', '2020')",https://www.sec.gov/Archives/edgar/data/1050446/000156459021005783/Financial_Report.xlsx,2020-12,39111,,,84.17213046,"Q4,2020",,NaN,,1465612,912567,0.622652516,553045,3558,553045,1039411,553045,0.532075377,0.467924623
91,91,91,1052054,ttm,27392,1052054_0.csv,100,9130.666667,109568,1095.68,0.00990099,0.99009901,2.927731574,0.000637394,9.19E-08,110663.68,"('-1', 'ttm')",,2021-ttm,5565,,,67.55622079,"-1,ttm",,819.4819802,,,,,,,,,,,
92,92,92,1052054,9/29/2021,6974,1052054_0.csv,101,2324.666667,27896,276.1980198,0.009803922,0.990196078,-0.002859594,0.000191713,9.84E-08,28172.19802,"('Q3', '2021')",https://www.sec.gov/Archives/edgar/data/1052054/000156276221000443/Financial_Report.xlsx,2021-09,1325,-1325,-18.88524423,70.1605965,"Q3,2021",-0.82050889,1.923509998,-21.26203624,19770,9740,0.492665655,10030,23157,10030,10030,10030,1,0
93,93,93,1052054,6/29/2021,6994,1052054_0.csv,102,2331.333333,27976,274.2745098,-0.085106383,1.085106383,0.082662539,0.000192263,9.94E-08,-3222.72549,"('Q2', '2021')",https://www.sec.gov/Archives/edgar/data/1052054/000156276221000340/Financial_Report.xlsx,2021-06,1415,176.875,2.572392909,68.75893623,"Q2,2021",0.112546787,-0.619107217,-18.22035613,21259,11296,0.531351428,9963,23881,9963,9963,9963,1,0
94,94,94,1052054,3/30/2021,6460,1052054_0.csv,94,2153.333333,25840,274.893617,0.069306931,0.930693069,-0.0723722,0.000177584,9.16E-08,3966.322188,"('Q1', '2021')",https://www.sec.gov/Archives/edgar/data/1052054/000156276221000223/Financial_Report.xlsx,2021-03,1341,-191.5714286,-2.932586324,65.3250774,"Q1,2021",-0.128016926,-0.908363177,-20.70414267,20193,11053,0.5473679,9140,24959,9140,9459,9140,0.966275505,0.033724495
95,95,95,1052054,12/30/2020,6964,1052054_0.csv,101,2321.333333,27856,275.8019802,,,,0.000230814,1.03E-07,,"('Q4', '2020')",https://www.sec.gov/Archives/edgar/data/1052054/000156276221000123/Financial_Report.xlsx,2020-12,1484,,,65.80987938,"Q4,2020",,NaN,,19076,9386,0.492031873,9690,26132,9690,10009,9690,0.968128684,0.031871316
96,96,96,1054721,ttm,40367,1054721_0.csv,1021920,13455.66667,161468,0.15800454,-2.988930048,3.988930048,3.446684292,0.000939314,0.000939035,-0.052863245,"('-1', 'ttm')",,2021-ttm,0,,,13.41442267,"-1,ttm",,0.016265434,,,,,,,,,,,
97,97,97,1054721,12/30/2021,9078,1054721_0.csv,256189,3026,36312,0.141739107,0.147287312,0.852712688,-0.147285365,0.000249552,0.000249551,0.962330732,"('Q4', '2021')",,2021-12,0,0,0,14.34236616,"Q4,2021",0,3.24E-07,#NAME?,47758,8633,0.180765526,39125,27843,39125,39125,39125,1,0
98,98,98,1054721,9/29/2021,10646,1054721_0.csv,300440,3548.666667,42584,0.141738783,0.002341065,0.997658935,-0.002342798,0.000292655,0.000292655,60.54457566,"('Q3', '2021')",https://www.sec.gov/Archives/edgar/data/1054721/000143774921026155/Financial_Report.xlsx,2021-09,0,0,0,12.4741687,"Q3,2021",0,-2.46E-07,#NAME?,50343,10507,0.208708261,39836,913.248,39836,39836,39836,1,0
99,99,99,1054721,6/29/2021,10671,1054721_0.csv,301145,3557,42684,0.141739029,-0.07009477,1.07009477,0.07009627,0.000293343,0.000293342,-2.022105643,"('Q2', '2021')",https://www.sec.gov/Archives/edgar/data/1054721/000143774921019722/Financial_Report.xlsx,2021-06,0,0,0,11.170462,"Q2,2021",0,1.99E-07,#NAME?,18755,9869,0.526206345,8886,490.216,8886,8886,8886,1,0
100,100,100,1054721,3/30/2021,9972,1054721_0.csv,281419,3324,39888,0.141738831,0.215001004,0.784998996,-0.099268359,0.000274127,0.000274127,0.659247296,"('Q1', '2021')",https://www.sec.gov/Archives/edgar/data/1054721/000143774921012093/Financial_Report.xlsx,2021-03,0,0,0,15.97472924,"Q1,2021",0,0.01821165,#NAME?,19310,11347,0.587622993,7963,705.821,7963,7963,7963,1,0
101,101,101,1054721,12/30/2020,11071,1054721_0.csv,358496,3690.333333,44284,0.12352718,,,,0.000366936,0.000366936,,"('Q4', '2020')",https://www.sec.gov/Archives/edgar/data/1054721/000143774921006492/Financial_Report.xlsx,2020-12,0,,,19.91690001,"Q4,2020",,NaN,,22282,13631,0.611749394,8651,754.271,8651,9285,8651,0.931717824,0.068282176
102,102,102,1056696,ttm,663643,1056696_0.csv,900,221214.3333,2654572,2949.524444,0.032258065,0.967741935,2.86977387,0.015442536,8.27E-07,91435.25778,"('-1', 'ttm')",,2021-ttm,57855,,,55.12240768,"-1,ttm",,2211.915842,,,,,,,,,,,
103,103,103,1056696,12/30/2021,171494,1056696_0.csv,930,57164.66667,685976,737.6086022,-0.014176663,1.014176663,0.013647782,0.00471432,9.06E-07,-52029.77601,"('Q4', '2021')",,2021-12,16652,1280.923077,24.44505772,52.40008397,"Q4,2021",0.397691529,-0.384854774,-40.61896998,539708,289064,0.535593321,250644,4269,250644,250644,250644,1,0
104,104,104,1056696,9/29/2021,169185,1056696_0.csv,917,56395,676740,737.9934569,-0.017758047,1.017758047,0.018487304,0.004650846,8.93E-07,-41558.25654,"('Q3', '2021')",https://www.sec.gov/Archives/edgar/data/1056696/000156459021052706/Financial_Report.xlsx,2021-09,14057,878.5625,15.21668235,57.736797,"Q3,2021",0.247427923,0.528418079,-47.30256134,514283,275656,0.536000607,238627,4676,238627,238627,238627,1,0
105,105,105,1056696,6/29/2021,166114,1056696_0.csv,901,55371.33333,664456,737.4650388,-0.06,1.06,0.059062799,0.004566425,8.78E-07,-12291.08398,"('Q2', '2021')",https://www.sec.gov/Archives/edgar/data/1056696/000156459021039189/Financial_Report.xlsx,2021-06,13750,269.6078431,4.690283105,57.48221101,"Q2,2021",0.076320089,-0.652608213,-45.58874786,474997,262547,0.552734017,212450,2263,212450,212450,212450,1,0
106,106,106,1056696,3/30/2021,156850,1056696_0.csv,850,52283.33333,627400,738.1176471,-0.066499373,1.066499373,0.066411933,0.004311761,8.28E-07,-11099.6182,"('Q1', '2021')",https://www.sec.gov/Archives/edgar/data/1056696/000156459021022006/Financial_Report.xlsx,2021-03,13396,252.754717,4.788859982,52.77972585,"Q1,2021",0.077855231,-0.060521072,-43.91458381,458528,253868,0.553658664,204660,2701,204660,204660,204660,1,0
107,107,107,1056696,12/30/2020,147082,1056696_0.csv,797,49027.33333,588328,738.1781681,,,,0.004874865,8.16E-07,,"('Q4', '2020')",https://www.sec.gov/Archives/edgar/data/1056696/000156459021004542/Financial_Report.xlsx,2020-12,13562,,,54.56140112,"Q4,2020",,NaN,,465412,246515,0.529670486,218897,2446,218897,218897,218897,1,0
108,108,108,1064722,ttm,6707,1064722_0.csv,169792,2235.666667,26828,0.158005089,-2.011297331,3.011297331,2.356856857,0.000156067,0.000156021,-0.078558792,"('-1', 'ttm')",,2021-ttm,-,,,17.17608469,"-1,ttm",,0.016265264,,,,,,,,,,,
109,109,109,1064722,9/29/2021,1998,1064722_0.csv,56385,666,7992,0.141739824,0.408354494,0.591645506,-0.408350607,5.49E-05,5.49E-05,0.34709995,"('Q3', '2021')",https://www.sec.gov/Archives/edgar/data/1064722/000176031921000039/Financial_Report.xlsx,2021-09,0.085,-2.18E-06,-4.65E-08,46.996997,"Q3,2021",-3.93E-06,9.31E-07,-158918.6911,3276,2297,0.701159951,979.189,675,978.176,1882,979,0.520191286,0.479808714
110,110,110,1064722,6/29/2021,3377,1064722_0.csv,95302,1125.666667,13508,0.141738893,-4.073303167,5.073303167,4.073107124,9.28E-05,9.28E-05,-0.03479704,"('Q2', '2021')",https://www.sec.gov/Archives/edgar/data/1064722/000149315221021218/Financial_Report.xlsx,2021-06,0.04,5.23E-07,-8.10E-08,-6.455433817,"Q2,2021",-6.86E-06,-5.48E-06,-66564.12772,2608,1709,0.655291411,899.277,675,898.264,1356,899,0.662979351,0.337020649
111,111,111,1064722,3/30/2021,665.667,1064722_0.csv,18785,221.889,2662.668,0.141744371,-2.586977277,3.586977277,3.115762724,1.83E-05,1.83E-05,-0.054791502,"('Q1', '2021')",https://www.sec.gov/Archives/edgar/data/1064722/000149315221011707/Financial_Report.xlsx,2021-03,1.649,0.000121715,1.76E-06,69.29155268,"Q1,2021",0.00014871,0.01821105,-450.1608662,1167,720.682,0.617550985,446.696,637.5,446.633,1140,446.318,0.391507018,0.608492982
112,112,112,1064722,12/30/2020,161.736,1064722_0.csv,5237,53.912,646.944,0.123533321,,,,5.36E-06,5.36E-06,,"('Q4', '2020')",,2020-12,-,,,-19.01184647,"Q4,2020",,NaN,,764.767,761.541,0.995781722,3.226,600,2.128,693.665,3.226,0.00465066,0.99534934
113,113,113,1066194,ttm,84534,1066194_0.csv,330,28178,338136,1024.654545,0.083333333,0.916666667,2.660589789,0.001967051,3.03E-07,12295.85455,"('-1', 'ttm')",,2021-ttm,29660,,,74.77464689,"-1,ttm",,768.0656566,,,,,,,,,,,
114,114,114,1066194,12/30/2021,23093,1066194_0.csv,360,7697.666667,92372,256.5888889,-0.077844311,1.077844311,0.076546548,0.00063482,3.51E-07,-3296.180342,"('Q4', '2021')",,2021-12,8155,313.6538462,4.262716731,73.58073875,"Q4,2021",0.199356258,-0.309314704,-10.50897473,110328,57664,0.522659706,52664,157986,52664,52664,52664,1,0
115,115,115,1066194,9/29/2021,21451,1066194_0.csv,334,7150.333333,85804,256.8982036,-0.056962025,1.056962025,0.059413275,0.000589682,3.25E-07,-4509.990685,"('Q3', '2021')",https://www.sec.gov/Archives/edgar/data/1066194/000155837021015782/Financial_Report.xlsx,2021-09,7404,411.3333333,5.462459811,75.30185073,"Q3,2021",0.255157556,0.594406124,-10.96432095,109143,60115,0.550791164,49028,157996,49028,49028,49028,1,0
116,116,116,1066194,6/29/2021,20248,1066194_0.csv,316,6749.333333,80992,256.3037975,-0.025974026,1.025974026,0.025578686,0.000556612,3.08E-07,-9867.696203,"('Q2', '2021')",https://www.sec.gov/Archives/edgar/data/1066194/000155837021012388/Financial_Report.xlsx,2021-06,7175,896.875,11.97094595,74.92097985,"Q2,2021",0.560472973,-0.098799934,-11.00230935,114563,68502,0.597941744,46061,162653,46061,46061,46061,1,0
117,117,117,1066194,3/30/2021,19743,1066194_0.csv,308,6581,78972,256.4025974,-0.026666667,1.026666667,0.026516924,0.000542729,3.00E-07,-9615.097403,"('Q1', '2021')",https://www.sec.gov/Archives/edgar/data/1066194/000155837021007258/Financial_Report.xlsx,2021-03,6927,865.875,11.4754448,75.4545915,"Q1,2021",0.537066859,-0.037402597,-11.10448668,93180,50591,0.542938399,42589,157828,42589,42589,42589,1,0
118,118,118,1066194,12/30/2020,19233,1066194_0.csv,300,6411,76932,256.44,,,,0.000637456,3.07E-07,,"('Q4', '2020')",https://www.sec.gov/Archives/edgar/data/1066194/000155837021000962/Financial_Report.xlsx,2020-12,6266,,,75.50564135,"Q4,2020",,NaN,,93951,53153,0.56575236,40798,150133,40798,40798,40798,1,0
119,119,119,1066684,ttm,0,1066684_0.csv,1300000,0,0,0,#NAME?,inf,,0,0.001194561,0,"('-1', 'ttm')",,2021-ttm,0,,,57.68238576,"-1,ttm",,,,,,,,,,,,,
120,120,120,1066684,9/29/2021,0,1066684_0.csv,0,0,0,,,,,0,0,,"('Q3', '2021')",https://www.sec.gov/Archives/edgar/data/1066684/000141057821000142/Financial_Report.xlsx,2021-09,0,,,56.7797992,"Q3,2021",,,,1.561,845.219,541.4599616,843.658,5790,843.658,843.658,-843.658,-1,2
121,121,121,1066684,6/29/2021,0,1066684_0.csv,0,0,0,,,,,0,0,,"('Q2', '2021')",https://www.sec.gov/Archives/edgar/data/1066684/000110465921101993/Financial_Report.xlsx,2021-06,0,,,57.6708062,"Q2,2021",,,,35.795,829.491,23.17337617,793.696,5560,793.696,793.696,-793.696,-1,2
122,122,122,1066684,3/30/2021,0,1066684_0.csv,0,0,0,,,,,0,0,,"('Q1', '2021')",https://www.sec.gov/Archives/edgar/data/1066684/000110465921066660/Financial_Report.xlsx,2021-03,0,,,57.81018431,"Q1,2021",,,,25.604,776.569,30.3299875,750.965,4182,750.965,750.965,-750.965,-1,2
123,123,123,1066684,12/30/2020,0,1066684_0.csv,0,0,0,,,,,0,0,,"('Q4', '2020')",https://www.sec.gov/Archives/edgar/data/1066684/000110465921042359/Financial_Report.xlsx,2020-12,0,,,58.52669893,"Q4,2020",,NaN,,7.624,714.901,93.76980588,707.277,5098,707.277,707.277,-707.277,-1,2
124,124,124,1073349,ttm,495406,1073349_0.csv,12541565,165135.3333,1981624,0.158004523,-2.450709302,3.450709302,2.84670813,0.011527772,0.011524356,-0.064472977,"('-1', 'ttm')",,2021-ttm,133372,,,58.40688133,"-1,ttm",,0.016265753,,,,,,,,,,,
125,125,125,1073349,12/30/2021,128787,1073349_0.csv,3634489,42929,515148,0.14173877,-0.041923911,1.041923911,0.04192387,0.003540317,0.003540317,-3.380857492,"('Q4', '2021')",,2021-12,34655,0.236971848,0.003909111,60.62039958,"Q4,2021",0.33095622,-5.57E-09,-14.26691619,767696,356568,0.464465101,411128,1171491,411128,541128,411128,0.759761092,0.240238908
126,126,126,1073349,9/29/2021,123605,1073349_0.csv,3488248,41201.66667,494420,0.141738775,-0.012085555,1.012085555,0.012085582,0.003397865,0.003397865,-11.72794961,"('Q3', '2021')",https://www.sec.gov/Archives/edgar/data/1073349/000107334921000132/Financial_Report.xlsx,2021-09,33814,0.811782782,0.013442105,60.39104383,"Q3,2021",1.138046137,3.79E-09,-14.44715245,788027,347288,0.440705712,440739,1794908,440739,570739,440739,0.772225133,0.227774867
127,127,127,1073349,6/29/2021,122129,1073349_0.csv,3446594,40709.66667,488516,0.141738772,-0.01029082,1.01029082,0.010290772,0.003357291,0.00335729,-13.7733209,"('Q2', '2021')",https://www.sec.gov/Archives/edgar/data/1073349/000107334921000114/Financial_Report.xlsx,2021-06,33378,0.950750563,0.015251842,62.33676976,"Q2,2021",1.291263511,-6.76E-09,-14.48678701,815728,359494,0.440703274,456234,1704431,456234,586234,456234,0.778245547,0.221754453
128,128,128,1073349,3/30/2021,120885,1073349_0.csv,3411487,40295,483540,0.141738778,0.091973833,0.908026167,0.041896504,0.003323093,0.003323093,1.541077222,"('Q1', '2021')",https://www.sec.gov/Archives/edgar/data/1073349/000107334921000066/Financial_Report.xlsx,2021-03,31525,-0.091231634,-0.00149779,60.91081594,"Q1,2021",-0.126807108,0.018211615,-16.89191731,821962,382480,0.465325648,439482,1697126,439482,569482,439482,0.771722372,0.228277628
129,129,129,1073349,12/30/2020,116024,1073349_0.csv,3757036,38674.66667,464096,0.123527163,,,,0.003845483,0.003845482,,"('Q4', '2020')",https://www.sec.gov/Archives/edgar/data/1073349/000107334921000028/Financial_Report.xlsx,2020-12,29237,,,58.7537092,"Q4,2020",,NaN,,778636,345649,0.443916028,432987,1710409,432987,562987,432987,0.769088807,0.230911193
130,130,130,1081745,ttm,11412,1081745_0.csv,288903,3804,45648,0.15800459,-2.228399338,3.228399338,2.598864711,0.00026555,0.000265471,-0.070904971,"('-1', 'ttm')",,2021-ttm,1287,,,-23495,"-1,ttm",,0.016264915,,,,,,,,,,,
131,131,131,1081745,9/29/2021,3171,1081745_0.csv,89488,1057,12684,0.141739675,-0.089695818,1.089695818,0.089690722,8.72E-05,8.72E-05,-1.580226114,"('Q3', '2021')",https://www.sec.gov/Archives/edgar/data/1081745/000149315221028508/Financial_Report.xlsx,2021-09,372.399,0.050556476,0.000505565,100,"Q3,2021",0.042802251,-6.63E-07,-31.25665095,12207,9594,0.785942492,2612,10486,2612,4314,2613,0.605702364,0.394297636
132,132,132,1081745,6/29/2021,2910,1081745_0.csv,82122,970,11640,0.141740338,-0.104354375,1.104354375,0.104364326,8.00E-05,8.00E-05,-1.358259662,"('Q2', '2021')",https://www.sec.gov/Archives/edgar/data/1081745/000149315221019927/Financial_Report.xlsx,2021-06,341.595,0.044019974,0.0004402,100,"Q2,2021",0.037268127,1.28E-06,-30.85553062,11238,8945,0.795960135,2293,9875,2293,3942,2293,0.581684424,0.418315576
133,133,133,1081745,3/30/2021,2635,1081745_0.csv,74362,878.3333333,10540,0.14173906,0.148201604,0.851798396,-0.022626113,7.24E-05,7.24E-05,0.956393566,"('Q1', '2021')",https://www.sec.gov/Archives/edgar/data/1081745/000149315221011688/Financial_Report.xlsx,2021-03,290.311,-0.02243863,1.19E-07,-188660,"Q1,2021",1.01E-05,0.018210996,-42.62263559,10594,8516,0.803851237,2077,28753,2077,3674,2078,0.565596081,0.434403919
134,134,134,1081745,12/30/2020,2696,1081745_0.csv,87300,898.6666667,10784,0.123528064,,,,8.94E-05,8.94E-05,,"('Q4', '2020')",https://www.sec.gov/Archives/edgar/data/1081745/000149315221007156/Financial_Report.xlsx,2020-12,282.343,,,100,"Q4,2020",,NaN,,10345,9191,0.888448526,1154,29173,1154,2956,1154,0.390392422,0.609607578
135,135,135,1082324,ttm,40,1082324_0.csv,1012,13.33333333,160,0.158102767,-8.035714286,9.035714286,9,9.31E-07,9.30E-07,-0.019675011,"('-1', 'ttm')",,2021-ttm,0,,,86.72618905,"-1,ttm",,0.015245624,,,,,,,,,,,
136,136,136,1082324,9/29/2021,4,1082324_0.csv,112,1.333333333,16,0.142857143,0.735224586,0.264775414,-0.733333333,1.10E-07,1.09E-07,0.194304088,"('Q3', '2021')",https://www.sec.gov/Archives/edgar/data/1082324/000114036121036975/Financial_Report.xlsx,2021-09,0,0,0,98.21608075,"Q3,2021",0,0.001013171,#NAME?,194539,570,0.002930004,193969,29426,193969,193969,193969,1,0
137,137,137,1082324,6/29/2021,15,1082324_0.csv,423,5,60,0.141843972,-2,3,2,4.12E-07,4.12E-07,-0.070921986,"('Q2', '2021')",https://www.sec.gov/Archives/edgar/data/1082324/000114036121027363/Financial_Report.xlsx,2021-06,0,0,0,85.52578266,"Q2,2021",0,0,#NAME?,196896,769,0.003905615,196127,31097,196127,196127,196127,1,0
138,138,138,1082324,3/30/2021,5,1082324_0.csv,141,1.666666667,20,0.141843972,0.727799228,0.272200772,-0.6875,1.37E-07,1.37E-07,0.19489437,"('Q1', '2021')",https://www.sec.gov/Archives/edgar/data/1082324/000114036121016630/Financial_Report.xlsx,2021-03,0,0,0,85.23764462,"Q1,2021",0,0.018291848,#NAME?,237996,39121,0.164376712,198875,584089,198875,198875,198875,1,0
139,139,139,1082324,12/30/2020,16,1082324_0.csv,518,5.333333333,64,0.123552124,,,,5.30E-07,5.30E-07,,"('Q4', '2020')",https://www.sec.gov/Archives/edgar/data/1082324/000114036121008678/Financial_Report.xlsx,2020-12,0,,,85.47860919,"Q4,2020",,NaN,,234793,10356,0.044106937,224437,575332,224437,224437,224437,1,0
140,140,140,1084048,ttm,1416722,1084048_0.csv,8500000,472240.6667,5666888,0.666692706,-1.438554872,2.438554872,8.7542171,0.03296619,0.00781059,-0.463446142,"('-1', 'ttm')",,2021-ttm,493049,,,87.20761231,"-1,ttm",,0.500019489,,,,,,,,,,,
141,141,141,1084048,12/30/2021,145242,1084048_0.csv,3485671,48414,580968,0.166673217,0.673063999,0.326936001,-0.673063937,0.00399266,0.003395355,0.247633535,"('Q4', '2021')",,2021-12,98068,-0.013666185,-0.000438083,31.19542492,"Q4,2021",-0.031540737,3.19E-08,-18.12016499,3770280,1802548,0.478093935,1967732,565556,1967732,3003750,1967732,0.655091802,0.344908198
142,142,142,1084048,9/29/2021,444252,1084048_0.csv,10661631,148084,1777008,0.166673185,-0.035446276,1.035446276,0.035446248,0.012212358,0.01038538,-4.702135346,"('Q3', '2021')",https://www.sec.gov/Archives/edgar/data/1084048/000108404821000069/Financial_Report.xlsx,2021-09,139693,0.382743617,0.011342236,33.74498901,"Q3,2021",0.816609028,-4.45E-09,-12.28533967,3830657,2461398,0.642552439,1369259,558426,1369259,2479958,1369259,0.552129915,0.447870085
143,143,143,1084048,6/29/2021,429044,1084048_0.csv,10296653,143014.6667,1716176,0.16667319,-0.077499151,1.077499151,0.077499152,0.011794295,0.010029859,-2.15064537,"('Q2', '2021')",https://www.sec.gov/Archives/edgar/data/1084048/000108404821000055/Financial_Report.xlsx,2021-06,134103,0.181076632,0.005297867,34.17915732,"Q2,2021",0.381431501,2.48E-10,-11.87699009,3703366,2408866,0.650453128,1294500,551330,1294500,2484227,1294500,0.521087646,0.478912354
144,144,144,1084048,3/30/2021,398185,1084048_0.csv,9556066,132728.3333,1592740,0.16667319,0.151425765,0.848574235,-0.15142571,0.01094599,0.009308461,1.100692403,"('Q1', '2021')",https://www.sec.gov/Archives/edgar/data/1084048/000108404821000032/Financial_Report.xlsx,2021-03,121186,-0.071066246,-0.001324045,53.6735769,"Q1,2021",-0.095327529,1.09E-08,-15.48825874,3703657,2428746,0.655769689,1274911,48522,1274911,2461349,1274911,0.517972461,0.482027539
145,145,145,1084048,12/30/2020,469240,1084048_0.csv,11261320,156413.3333,1876960,0.166673179,,,,0.015552425,0.011526428,,"('Q4', '2020')",https://www.sec.gov/Archives/edgar/data/1084048/000108404821000012/Financial_Report.xlsx,2020-12,126157,,,49.97989546,"Q4,2020",,NaN,,3665331,2454313,0.669602009,1211018,49496,1211018,2393238,1211018,0.506016535,0.493983465
146,146,146,1084384,ttm,65048,1084384_0.csv,4600000,21682.66667,260192,0.056563478,-0.051467746,1.051467746,3.205870943,0.001513624,0.004226908,-1.099008263,"('-1', 'ttm')",,2021-ttm,5502,,,49.99342883,"-1,ttm",,0.042422609,,,,,,,,,,,
147,147,147,1084384,3/30/2021,15466,1084384_0.csv,4374837,5155.333333,61864,0.01414087,0.087336113,0.912663887,-0.087336245,0.000425156,0.004261482,0.161913201,"('Q1', '2021')",https://www.sec.gov/Archives/edgar/data/1084384/000162828021017682/Financial_Report.xlsx,2021-03,1277,-0.003050324,-5.38E-05,56.66324084,"Q1,2021",-0.045682487,-2.03E-09,-53.08065016,52043,71473,1.373345118,19430,52668,44971,18322,-19430,-1.060473747,2.060473747
148,148,148,1084384,12/30/2020,16946,1084384_0.csv,4793481,5648.666667,67784,0.014140872,,,,0.000561656,0.004906327,,"('Q4', '2020')",https://www.sec.gov/Archives/edgar/data/1084384/000110465921035333/Financial_Report.xlsx,2020-12,1489,,,57.15300805,"Q4,2020",,NaN,,61258,76760,1.253060825,15502,54538,40401,14678,-15502,-1.056138438,2.056138438
149,149,149,1084577,ttm,32271,1084577_0.csv,816963,10757,129084,0.158004708,-2.880027166,3.880027166,3.325291516,0.000750925,0.000750702,-0.054862228,"('-1', 'ttm')",,2021-ttm,10709,,,65.82242341,"-1,ttm",,0.016265693,,,,,,,,,,,
150,150,150,1084577,9/29/2021,7461,1084577_0.csv,210556,2487,29844,0.141739015,0.019452064,0.980547936,-0.019450651,0.000205101,0.0002051,7.28657981,"('Q3', '2021')",https://www.sec.gov/Archives/edgar/data/1084577/000121390021059378/Financial_Report.xlsx,2021-09,2785,-0.666746469,-0.010207267,65.32075986,"Q3,2021",-0.864174272,2.04E-07,-10.92856153,65541,44774,0.683144902,20767,57372,20767,29308,20767,0.708577863,0.291422137
151,151,151,1084577,6/29/2021,7609,1084577_0.csv,214733,2536.333333,30436,0.141738811,0.131092947,0.868907053,-0.131095124,0.000209169,0.000209169,1.081208515,"('Q2', '2021')",https://www.sec.gov/Archives/edgar/data/1084577/000121390021043003/Financial_Report.xlsx,2021-06,2731,-0.084297929,-0.001298576,64.91566807,"Q2,2021",-0.109941039,-3.55E-07,-12.8260389,61173,44555,0.728344204,16618,13981000,16618,25115,16618,0.661676289,0.338323711
152,152,152,1084577,3/30/2021,8757,1084577_0.csv,247130,2919,35028,0.141739166,0.09618219,0.90381781,0.03706774,0.000240727,0.000240727,1.473652927,"('Q1', '2021')",https://www.sec.gov/Archives/edgar/data/1084577/000121390021027010/Financial_Report.xlsx,2021-03,2638,-0.100307997,-0.001509818,66.43713177,"Q1,2021",-0.127825075,0.018211669,-14.69128064,63261,41917,0.662604132,21344,14001000,21344,29800,21344,0.716241611,0.283758389
153,153,153,1084577,12/30/2020,8444,1084577_0.csv,273429,2814.666667,33776,0.123527497,,,,0.000279867,0.000279866,,"('Q4', '2020')",,2020-12,2555,,,66.73474371,"Q4,2020",,NaN,,58943,46906,0.795785759,12037,15519000,12037,21285,12037,0.565515621,0.434484379
154,154,154,1092699,ttm,385276,1092699_0.csv,59,128425.3333,1541104,26120.40678,0.048387097,0.951612903,2.749425824,0.008965119,5.42E-08,539821.7401,"('-1', 'ttm')",,2021-ttm,88044,,,67.68497623,"-1,ttm",,19490.98742,,,,,,,,,,,
155,155,155,1092699,12/30/2021,102756,1092699_0.csv,62,34252,411024,6629.419355,-0.050847458,1.050847458,0.049741028,0.002824732,6.04E-08,-130378.5806,"('Q4', '2021')",,2021-12,22658,7552.666667,113.4126804,66.59455224,"Q4,2021",0.205289799,-6.987424822,-17.26258902,,,,,,,,,,
156,156,156,1092699,9/29/2021,97887,1092699_0.csv,59,32629,391548,6636.40678,-0.035087719,1.035087719,0.035413956,0.002690885,5.75E-08,-189137.5932,"('Q3', '2021')",https://www.sec.gov/Archives/edgar/data/1092699/000156459021052660/Financial_Report.xlsx,2021-09,22079,11039.5,172.3500138,64.0527944,"Q3,2021",0.311644574,2.090990187,-17.13280431,,,,,,,,,,
157,157,157,1092699,6/29/2021,94539,1092699_0.csv,57,31513,378156,6634.315789,-0.036363636,1.036363636,0.049337359,0.00259885,5.55E-08,-182443.6842,"('Q2', '2021')",https://www.sec.gov/Archives/edgar/data/1092699/000156459021039148/Financial_Report.xlsx,2021-06,21952,10976,163.2999487,67.2137382,"Q2,2021",0.295373245,82.02488038,-16.62205578,,,,,,,,,,
158,158,158,1092699,3/30/2021,90094,1092699_0.csv,55,30031.33333,360376,6552.290909,-0.078431373,1.078431373,0.081456763,0.002476658,5.36E-08,-83541.70909,"('Q1', '2021')",https://www.sec.gov/Archives/edgar/data/1092699/000156459021021965/Financial_Report.xlsx,2021-03,21355,5338.75,80.2772364,66.5039087,"Q1,2021",0.147021378,18.33012478,-15.64817777,,,,,,,,,,
159,159,159,1092699,12/30/2020,83308,1092699_0.csv,51,27769.33333,333232,6533.960784,,,,0.002761149,5.22E-08,,"('Q4', '2020')",https://www.sec.gov/Archives/edgar/data/1092699/000156459021007614/Financial_Report.xlsx,2020-12,19812,,,68.93253376,"Q4,2020",,NaN,,,,,,,,,,,
160,160,160,1102993,ttm,469624,1102993_0.csv,11888875,156541.3333,1878496,0.158004521,-2.402869787,3.402869787,2.793378083,0.010927842,0.010924604,-0.065756589,"('-1', 'ttm')",,2021-ttm,165421,,,72.53365973,"-1,ttm",,0.016265733,,,,,,,,,,,
161,161,161,1102993,12/30/2021,123801,1102993_0.csv,3493779,41267,495204,0.141738788,-0.04626152,1.04626152,0.046261631,0.003403253,0.003403252,-3.063859312,"('Q4', '2021')",,2021-12,48994,0.317152271,0.004053179,78.24778925,"Q4,2021",0.343153381,1.51E-08,-9.660530888,1186656,837219,0.705527971,349437,6132000,349437,923675,349437,0.378311636,0.621688364
162,162,162,1102993,9/29/2021,118327,1102993_0.csv,3339298,39442.33333,473308,0.141738773,0.01068507,0.98931493,-0.010685172,0.003252775,0.003252774,13.26512368,"('Q3', '2021')",https://www.sec.gov/Archives/edgar/data/1102993/000110299321000134/Financial_Report.xlsx,2021-09,40852,-1.132701159,-0.014450325,78.38586263,"Q3,2021",-1.223404803,-1.46E-08,-11.71105333,1068909,806800,0.754788293,262109,6281000,262109,827168,262109,0.316875169,0.683124831
163,163,163,1102993,6/29/2021,119605,1102993_0.csv,3375364,39868.33333,478420,0.141738787,-0.108572562,1.108572562,0.108572541,0.003287907,0.003287906,-1.3054752,"('Q2', '2021')",https://www.sec.gov/Archives/edgar/data/1102993/000110299321000120/Financial_Report.xlsx,2021-06,38622,0.116831024,0.001486817,78.57796329,"Q2,2021",0.125878034,-2.73E-09,-11.17404567,1043757,782065,0.749278807,261692,147622,261692,817724,261692,0.320024849,0.679975151
164,164,164,1102993,3/30/2021,107891,1102993_0.csv,3044784,35963.66667,431564,0.14173879,0.079281456,0.920718544,0.05646022,0.002965892,0.002965891,1.78779247,"('Q1', '2021')",https://www.sec.gov/Archives/edgar/data/1102993/000110299321000084/Financial_Report.xlsx,2021-03,36953,-0.140944615,-0.001798139,78.38358308,"Q1,2021",-0.152235486,0.018211628,-12.68436169,1044537,784520,0.751069613,260017,146059,260017,807176,260017,0.322131728,0.677868272
165,165,165,1102993,12/30/2020,102125,1102993_0.csv,3306965,34041.66667,408500,0.123527162,,,,0.003384817,0.003384816,,"('Q4', '2020')",https://www.sec.gov/Archives/edgar/data/1102993/000110299321000031/Financial_Report.xlsx,2020-12,39700,,,77.59312084,"Q4,2020",,NaN,,1006432,762498,0.757624956,243934,142771,243934,782366,243934,0.311790134,0.688209866
166,166,166,1107843,ttm,411172,1107843_0.csv,10300,137057.3333,1644688,159.6784466,0.063636364,0.936363636,2.745418109,0.009567702,9.46E-06,2509.232732,"('-1', 'ttm')",,2021-ttm,76487,,,77.61521503,"-1,ttm",,119.7584466,,,,,,,,,,,
167,167,167,1107843,12/30/2021,109780,1107843_0.csv,11000,36593.33333,439120,39.92,-0.046224082,1.046224082,0.046181409,0.00301782,1.07E-05,-863.6190947,"('Q4', '2021')",,2021-12,22159,45.59465021,0.620514473,73.47878605,"Q4,2021",0.186527397,-0.001628305,-18.94123742,814559,377845,0.463864496,436714,134335,436714,436714,436714,1,0
168,168,168,1107843,9/29/2021,104934,1107843_0.csv,10514,34978,419736,39.92162831,-0.052452452,1.052452452,0.05247638,0.002884605,1.02E-05,-761.1012725,"('Q3', '2021')",https://www.sec.gov/Archives/edgar/data/1107843/000143774921025112/Financial_Report.xlsx,2021-09,18569,35.4370229,0.488726713,72.50887251,"Q3,2021",0.146905845,0.000907584,-21.47757374,756180,353194,0.467076622,402986,132288,402986,402986,402986,1,0
169,169,169,1107843,6/29/2021,99702,1107843_0.csv,9990,33234,398808,39.92072072,-0.030428056,1.030428056,0.030447724,0.002740779,9.73E-06,-1311.970805,"('Q2', '2021')",https://www.sec.gov/Archives/edgar/data/1107843/000143774921019179/Financial_Report.xlsx,2021-06,17770,60.23728814,0.823687006,73.1312837,"Q2,2021",0.247596834,0.000761979,-21.78004431,737305,344310,0.466984491,392995,169199,392995,392995,392995,1,0
170,170,170,1107843,3/30/2021,96756,1107843_0.csv,9695,32252,387024,39.91995874,-0.020633751,1.020633751,0.020622145,0.002659794,9.44E-06,-1934.692286,"('Q1', '2021')",https://www.sec.gov/Archives/edgar/data/1107843/000143774921010932/Financial_Report.xlsx,2021-03,17989,91.78061224,1.23099023,74.55835962,"Q1,2021",0.370037526,-0.000453933,-21.07953127,729942,332834,0.455973214,397108,155507,397108,397108,397108,1,0
171,171,171,1107843,12/30/2020,94801,1107843_0.csv,9499,31600.33333,379204,39.92041268,,,,0.003142071,9.72E-06,,"('Q4', '2020')",https://www.sec.gov/Archives/edgar/data/1107843/000143774921003648/Financial_Report.xlsx,2020-12,17892,,,73.92252222,"Q4,2020",,NaN,,736819,332337,0.451042929,404482,157504,404482,404482,404482,1,0
172,172,172,1108524,ttm,26492000,1108524_0.csv,150000,8830666.667,105968000,706.4533333,0.095955304,0.904044696,2.616161616,0.616451425,0.000137834,7362.316659,"('-1', 'ttm')",,2021-ttm,11855000,,,74.57452295,"-1,ttm",,529.8391615,,,,,,,,,,,
173,173,173,1108524,1/30/2022,7326000,1108524_0.csv,165921,2442000,29304000,176.6141718,-0.067462283,1.067462283,0.067463209,0.170471204,0.000152464,-2617.969082,"('Q4', '2021')",,2021-12,3464000,330.3452222,6.0700747,54.42193688,"Q4,2021",0.41242951,0.000153083,-7.924949132,95209000,37078000,0.389437973,58131000,52088,58131000,68723000,58131000,0.845874016,0.154125984
174,174,174,1108524,10/30/2021,6863000,1108524_0.csv,155435,2287666.667,27452000,176.6140187,-0.082491817,1.082491817,0.082492114,0.18866187,0.000151408,-2140.988345,"('Q3', '2021')",https://www.sec.gov/Archives/edgar/data/1108524/000110852421000055/Financial_Report.xlsx,2021-09,3111000,262.6424652,4.685583033,56.05331574,"Q3,2021",0.318360891,4.84E-05,-8.151721938,87436000,30382000,0.347477012,57054000,64351,57054000,67645000,57054000,0.843432626,0.156567374
175,175,175,1108524,7/30/2021,6340000,1108524_0.csv,143590,2113333.333,25360000,176.6139703,-0.063220093,1.063220093,0.06322321,0.174284752,0.000139869,-2793.636674,"('Q2', '2021')",https://www.sec.gov/Archives/edgar/data/1108524/000110852421000047/Financial_Report.xlsx,2021-06,2736000,320.449754,5.732928061,55.89635011,"Q2,2021",0.389522622,0.000517736,-8.717861813,88658000,33138000,0.373773376,55520000,24095,55520000,66109000,55520000,0.839825137,0.160174863
176,176,176,1108524,4/29/2021,5963000,1108524_0.csv,135052,1987666.667,23852000,176.6134526,-0.025101522,1.025101522,0.025098848,0.163921132,0.000131553,-7035.965924,"('Q1', '2021')",https://www.sec.gov/Archives/edgar/data/1108524/000110852421000030/Financial_Report.xlsx,2021-03,2544000,769.2772906,14.23168564,54.05384224,"Q1,2021",0.966971798,-0.000460645,-9.14620256,64885000,22318000,0.343962395,42567000,25383,42567000,45239000,42567000,0.940935918,0.059064082
177,177,177,1108524,1/30/2021,5817000,1108524_0.csv,131745,1939000,23268000,176.6139132,,,,0.159907635,0.000128331,,"('Q4', '2020')",https://www.sec.gov/Archives/edgar/data/1108524/000110852422000008/Financial_Report.xlsx,2020-12,2632000,,,51.49194887,"Q4,2020",,NaN,,66301000,24808000,0.374172335,41493000,21349,41493000,44166000,41493000,0.939478332,0.060521668
178,178,178,1118417,ttm,202253,1118417_0.csv,830,67417.66667,809012,974.713253,0.01891253,0.98108747,2.924042528,0.004706294,7.63E-07,51537.96325,"('-1', 'ttm')",,2021-ttm,44822,,,59.94758272,"-1,ttm",,731.0158535,,,,,,,,,,,
179,179,179,1118417,12/30/2021,51542,1118417_0.csv,846,17180.66667,206168,243.6973995,-0.001183432,1.001183432,0.001184903,0.001416875,8.24E-07,-205924.3026,"('Q4', '2021')",,2021-12,11039,11039,180.5559983,61.138927,"Q4,2021",8.890829299,0.000358107,-18.65425334,356488,226499,0.6353622,129989,23488,129989,256946,129989,0.505900072,0.494099928
180,180,180,1118417,9/29/2021,51481,1118417_0.csv,845,17160.33333,205924,243.6970414,-0.009557945,1.009557945,0.008679807,0.001415198,8.23E-07,-25496.80296,"('Q3', '2021')",https://www.sec.gov/Archives/edgar/data/1118417/000111841721000166/Financial_Report.xlsx,2021-09,11128,1391,21.48288275,64.74922458,"Q3,2021",1.057848678,-0.212158102,-18.32983678,363790,240272,0.660468952,123518,450291,123518,247819,123518,0.498420218,0.501579782
181,181,181,1118417,6/29/2021,51038,1118417_0.csv,837,17012.66667,204152,243.9091995,-0.058154235,1.058154235,0.059055445,0.00140302,8.15E-07,-4194.177757,"('Q2', '2021')",https://www.sec.gov/Archives/edgar/data/1118417/000111841721000121/Financial_Report.xlsx,2021-06,11146,242.3043478,3.976064546,60.94074807,"Q2,2021",0.195616954,0.207556033,-17.30954395,356784,235488,0.660029598,121296,452611,121296,243020,121296,0.499119414,0.500880586
182,182,182,1118417,3/30/2021,48192,1118417_0.csv,791,16064,192768,243.7016435,-0.128388017,1.128388017,0.127720316,0.001324784,7.71E-07,-1898.165023,"('Q1', '2021')",https://www.sec.gov/Archives/edgar/data/1118417/000111841721000100/Financial_Report.xlsx,2021-03,11509,127.8777778,2.060678802,62.05614271,"Q1,2021",0.101468933,-0.14429089,-14.84358781,338997,216156,0.637633961,122841,843913,122841,242064,122841,0.50747323,0.49252677
183,183,183,1118417,12/30/2020,42734,1118417_0.csv,701,14244.66667,170936,243.8459344,,,,0.00141637,7.18E-07,,"('Q4', '2020')",https://www.sec.gov/Archives/edgar/data/1118417/000111841721000026/Financial_Report.xlsx,2020-12,9456,,,56.27872181,"Q4,2020",,NaN,,336517,211663,0.628981597,124854,893285,124854,241649,124854,0.516675012,0.483324988
184,184,184,1131554,ttm,280615,1131554_0.csv,7103973,93538.33333,1122460,0.158004542,-2.409504991,3.409504991,2.800774742,0.006529727,0.006527791,-0.06557552,"('-1', 'ttm')",,2021-ttm,0,,,59.04406359,"-1,ttm",,0.016265736,,,,,,,,,,,
185,185,185,1131554,12/30/2021,73831,1131554_0.csv,2083579,24610.33333,295324,0.141738806,-0.058463475,1.058463475,0.058463435,0.002029593,0.002029592,-2.424399266,"('Q4', '2021')",,2021-12,0,0,0,36.84617082,"Q4,2021",0,-5.34E-09,#NAME?,450734,274906,0.609907395,175828,8379,90823,296432,175828,0.593147838,0.406852162
186,186,186,1131554,9/29/2021,69753,1131554_0.csv,1968494,23251,279012,0.141738811,0.024869978,0.975130022,-0.024869988,0.00191749,0.001917489,5.699193248,"('Q3', '2021')",https://www.sec.gov/Archives/edgar/data/1131554/000113155421000088/Financial_Report.xlsx,2021-09,0,0,0,57.7949175,"Q3,2021",0,-1.47E-09,#NAME?,448375,282776,0.630668525,165599,8300,93094,283093,165599,0.584963245,0.415036755
187,187,187,1131554,6/29/2021,71532,1131554_0.csv,2018699,23844,286128,0.141738813,-0.09210779,1.09210779,0.092108276,0.001966394,0.001966393,-1.538836321,"('Q2', '2021')",https://www.sec.gov/Archives/edgar/data/1131554/000113155421000057/Financial_Report.xlsx,2021-06,0,0,0,57.84448591,"Q2,2021",0,6.31E-08,#NAME?,463690,289228,0.623752938,174462,-,101956,291651,174462,0.59818756,0.40181244
188,188,188,1131554,3/30/2021,65499,1131554_0.csv,1848443,21833,261996,0.14173875,0.177202304,0.822797696,-0.055897488,0.001800548,0.001800548,0.79986968,"('Q1', '2021')",https://www.sec.gov/Archives/edgar/data/1131554/000113155421000023/Financial_Report.xlsx,2021-03,0,0,0,57.9924916,"Q1,2021",0,0.018211574,#NAME?,465130,195225,0.419721368,269905,0,22063,269905,269905,1,0
189,189,189,1131554,12/30/2020,69377,1131554_0.csv,2246534,23125.66667,277508,0.123527176,,,,0.002299422,0.002299421,,"('Q4', '2020')",https://www.sec.gov/Archives/edgar/data/1131554/000113155421000012/Financial_Report.xlsx,2020-12,0,,,59.15393447,"Q4,2020",,NaN,,482255,201332,0.417480379,280923,17763,43282,280923,280923,1,0
190,190,190,1157817,ttm,36248,1157817_0.csv,917644,12082.66667,144992,0.158004629,,,,0.000843467,0.000843217,,"('-1', 'ttm')",,ttm'-ttm,13156,,,56.03971142,"-1,ttm",,NaN,,,,,,,,,,,
191,191,191,1160951,ttm,274865,1160951_0.csv,6958408,91621.66667,1099460,0.158004532,-2.358290432,3.358290432,2.743683687,0.006395928,0.006394032,-0.066999607,"('-1', 'ttm')",,2021-ttm,54694,,,67.84202359,"-1,ttm",,0.016265765,,,,,,,,,,,
192,192,192,1160951,11/29/2021,73421,1160951_0.csv,2072009,24473.66667,293684,0.141738767,-0.036229362,1.036229362,0.03622943,0.002018322,0.002018322,-3.91226231,"('Q4', '2021')",,2021-12,13167,0.181756691,0.002675371,67.93701628,"Q4,2021",0.226504344,9.27E-09,-21.5247223,818498,84609,0.103371053,733889,19464,733889,733889,733889,1,0
193,193,193,1160951,8/30/2021,70854,1160951_0.csv,1999566,23618,283416,0.141738757,-0.0429219,1.0429219,0.042921487,0.001947756,0.001947756,-3.302247973,"('Q3', '2021')",https://www.sec.gov/Archives/edgar/data/1160951/000156459021052973/Financial_Report.xlsx,2021-09,13734,0.166891473,0.002521489,66.18767386,"Q3,2021",0.213476294,-5.61E-08,-19.78679863,844133,113395,0.134333097,730738,21614,730738,730738,730738,1,0
194,194,194,1160951,5/30/2021,67938,1160951_0.csv,1917273,22646,271752,0.141738813,-0.084370323,1.084370323,0.08437081,0.001867596,0.001867595,-1.679960533,"('Q2', '2021')",https://www.sec.gov/Archives/edgar/data/1160951/000156459021036731/Financial_Report.xlsx,2021-06,13628,0.09135579,0.001427596,63.99275276,"Q2,2021",0.120864216,6.36E-08,-18.38920696,838038,103437,0.123427577,734601,22888,734601,734601,734601,1,0
195,195,195,1160951,2/27/2021,62652,1160951_0.csv,1768098,20884,250608,0.14173875,,,,0.001722285,0.001722285,,"('Q1', '2021')",https://www.sec.gov/Archives/edgar/data/1160951/000156459021018490/Financial_Report.xlsx,2021-03,14165,,,67.92724148,"Q1,2021",,NaN,,837297,105361,0.12583468,731936,25907,731936,731936,731936,1,0
196,196,196,1166388,ttm,1308879,1166388_0.csv,33135229,436293,5235516,0.158004521,-4.22256286,5.22256286,4.821897518,0.030456754,0.03044773,-0.037419105,"('-1', 'ttm')",,2021-ttm,0,,,62.15098242,"-1,ttm",,0.01626576,,,,,,,,,,,
197,197,197,1166388,10/30/2021,224820,1166388_0.csv,6344630,74940,899280,0.141738762,-0.047540473,1.047540473,0.047540502,0.006180236,0.006180236,-2.981433588,"('Q3', '2021')",https://www.sec.gov/Archives/edgar/data/1166388/000116638821000138/Financial_Report.xlsx,2021-09,0,0,0,60.47555857,"Q3,2021",0,4.03E-09,#NAME?,2298285,897272,0.39040937,1401013,1182,962180,1804912,1401013,0.776222331,0.223777669
198,198,198,1166388,7/30/2021,214617,1166388_0.csv,6056692,71539,858468,0.141738758,-0.068256546,1.068256546,0.068256481,0.005899759,0.005899758,-2.0765592,"('Q2', '2021')",https://www.sec.gov/Archives/edgar/data/1166388/000116638821000115/Financial_Report.xlsx,2021-06,0,0,0,61.97449633,"Q2,2021",0,-8.61E-09,#NAME?,2278019,897030,0.393776347,1380989,1689,942045,1784239,1380989,0.773993282,0.226006718
199,199,199,1166388,4/29/2021,200904,1166388_0.csv,5669698,66968,803616,0.141738766,0.424508787,0.575491213,-0.424508737,0.005522792,0.005522792,0.333888887,"('Q1', '2021')",https://www.sec.gov/Archives/edgar/data/1166388/000116638821000089/Financial_Report.xlsx,2021-03,0,0,0,67.52166228,"Q1,2021",0,1.23E-08,#NAME?,2701311,1335342,0.494331086,1365969,2944,927096,1769031,1365969,0.772156621,0.227843379
200,200,200,1166388,1/30/2021,349100,1166388_0.csv,9851928,116366.6667,1396400,0.141738754,,,,0.009596657,0.009596657,,"('Q4', '2020')",https://www.sec.gov/Archives/edgar/data/1166388/000116638821000028/Financial_Report.xlsx,2020-12,0,,,60.27216027,"Q4,2020",,NaN,,3261295,1773262,0.543729408,1488033,4159,1272278,1875687,1488033,0.793326925,0.206673075
201,201,201,1167419,ttm,127644,1167419_0.csv,4889,42548,510576,104.4336265,0.507603988,0.492396012,0.969571658,0.002970192,4.49E-06,205.7383884,"('-1', 'ttm')",,2021-ttm,0,,,85.24165445,"-1,ttm",,78.32505566,,,,,,,,,,,
202,202,202,1167419,9/29/2021,64808,1167419_0.csv,9929,21602.66667,259232,26.10857085,-0.886925124,1.886925124,0.886805636,0.001781553,9.67E-06,-29.43717588,"('Q3', '2021')",https://www.sec.gov/Archives/edgar/data/1167419/000107997321001156/Financial_Report.xlsx,2021-09,0,0,0,85.19475642,"Q3,2021",0,-0.001653396,#NAME?,954407,184092,0.192886263,770315,5402,770304,770315,770315,1,0
203,203,203,1167419,6/29/2021,34348,1167419_0.csv,5262,11449.33333,137392,26.11022425,-0.48100197,1.48100197,0.480708712,0.000944217,5.13E-06,-54.28298816,"('Q2', '2021')",https://www.sec.gov/Archives/edgar/data/1167419/000107997321000828/Financial_Report.xlsx,2021-06,0,0,0,85.05735493,"Q2,2021",0,-0.005171191,#NAME?,906369,192206,0.212061533,714163,882231,714152,714163,714163,1,0
204,204,204,1167419,3/30/2021,23197,1167419_0.csv,3553,7732.333333,92788,26.11539544,-3.386419753,4.386419753,3.384237384,0.000637679,3.46E-06,-7.71180106,"('Q1', '2021')",https://www.sec.gov/Archives/edgar/data/1167419/000107997321000383/Financial_Report.xlsx,2021-03,0,0,0,86.2202256,"Q1,2021",0,-0.012999621,#NAME?,375905,8088,0.021516075,367817,901799,367806,367817,367817,1,0
205,205,205,1167419,12/30/2020,5291,1167419_0.csv,810,1763.666667,21164,26.12839506,,,,0.000175364,8.29E-07,,"('Q4', '2020')",https://www.sec.gov/Archives/edgar/data/1167419/000107997321000221/Financial_Report.xlsx,2020-12,0,,,84.52448769,"Q4,2020",,NaN,,280147,3076,0.01097995,277071,913280,277049,277071,277071,1,0
206,206,206,1169561,ttm,754983,1169561_0.csv,28000,251661,3019932,107.8547143,0.06735061,0.93264939,2.730503358,0.017567958,2.57E-05,1601.391806,"('-1', 'ttm')",,2021-ttm,335167,,,84.88659092,"-1,ttm",,80.89035482,,,,,,,,,,,
207,207,207,1169561,12/30/2021,202381,1169561_0.csv,30022,67460.33333,809524,26.96435947,-0.13797286,1.13797286,0.137994827,0.005563395,2.92E-05,-195.4323438,"('Q4', '2021')",,2021-12,89217,24.51016484,0.317464145,77.20608839,"Q4,2021",0.14128167,0.000520489,-7.973522216,768559,515099,0.670213998,253460,946695,253460,253460,253460,1,0
208,208,208,1169561,9/29/2021,177840,1169561_0.csv,26382,59280,711360,26.96383898,0.030429989,0.969570011,-0.030427268,0.00488877,2.57E-05,886.0942738,"('Q3', '2021')",https://www.sec.gov/Archives/edgar/data/1169561/000116956121000041/Financial_Report.xlsx,2021-09,82928,-100.1545894,-1.291066351,77.57509077,"Q3,2021",-0.574576796,7.57E-05,-8.847265805,779754,479976,0.615547981,299778,915753,299778,299778,299778,1,0
209,209,209,1169561,6/29/2021,183421,1169561_0.csv,27210,61140.33333,733684,26.96376332,0.04136133,0.95863867,-0.04139207,0.00504219,2.65E-05,651.9075453,"('Q2', '2021')",https://www.sec.gov/Archives/edgar/data/1169561/000116956121000032/Financial_Report.xlsx,2021-06,76361,-65.04344123,-0.859152047,75.70655442,"Q2,2021",-0.382358517,-0.000864637,-10.02264845,839388,484850,0.577623221,354538,988400,354538,354538,354538,1,0
210,210,210,1169561,3/30/2021,191341,1169561_0.csv,28384,63780.33333,765364,26.96462796,-0.017785427,1.017785427,0.017814588,0.005259908,2.76E-05,-1516.107953,"('Q1', '2021')",,2021-03,86661,174.7197581,2.267536054,77.05269239,"Q1,2021",1.00911582,0.000772538,-8.677369803,904173,510139,0.56420508,394034,1005600,394034,394034,394034,1,0
211,211,211,1169561,12/30/2020,187992,1169561_0.csv,27888,62664,751968,26.96385542,,,,0.006230781,2.85E-05,,"('Q4', '2020')",https://www.sec.gov/Archives/edgar/data/1169561/000116956121000018/Financial_Report.xlsx,2020-12,84542,,,78.53240055,"Q4,2020",,NaN,,905579,491508,0.542755519,414071,987500,414071,414071,414071,1,0
212,212,212,1169652,ttm,167729,1169652_0.csv,2001,55909.66667,670916,335.2903548,0.07702952,0.92297048,2.690813071,0.003902944,1.84E-06,4352.751433,"('-1', 'ttm')",,2021-ttm,60755,,,78.79787656,"-1,ttm",,251.4434914,,,,,,,,,,,
213,213,213,1169652,12/30/2021,45445,1169652_0.csv,2168,15148.33333,181780,83.84686347,-0.09329299,1.09329299,0.093084787,0.00124927,2.11E-06,-898.7477311,"('Q4', '2021')",,2021-12,15482,83.68648649,1.07477655,77.86407924,"Q4,2021",0.153819929,-0.015970621,-10.73946068,239972,51774,0.215750171,188198,987000,188198,188198,188198,1,0
214,214,214,1169652,9/29/2021,41575,1169652_0.csv,1983,13858.33333,166300,83.86283409,-0.000504541,1.000504541,0.000770286,0.001142885,1.93E-06,-166216.1372,"('Q3', '2021')",https://www.sec.gov/Archives/edgar/data/1169652/000116965221000087/Financial_Report.xlsx,2021-09,15482,15482,200.1090205,77.36782662,"Q3,2021",28.63375978,0.022269004,-10.73608947,206878,56050,0.270932627,150828,-,150828,150828,150828,1,0
215,215,215,1169652,6/29/2021,41543,1169652_0.csv,1982,13847.66667,166172,83.84056509,-0.061027837,1.061027837,0.060690395,0.001142005,1.93E-06,-1373.808558,"('Q2', '2021')",https://www.sec.gov/Archives/edgar/data/1169652/000116965221000078/Financial_Report.xlsx,2021-06,15159,132.9736842,1.688806782,78.73824622,"Q2,2021",0.241716899,-0.026672602,-10.33143186,201199,54044,0.268609685,147155,1009566,147155,147155,147155,1,0
216,216,216,1169652,3/30/2021,39166,1169652_0.csv,1868,13055.33333,156664,83.86723769,0.028601144,0.971398856,-0.02842826,0.001076662,1.82E-06,2932.303601,"('Q1', '2021')",https://www.sec.gov/Archives/edgar/data/1169652/000116965221000065/Financial_Report.xlsx,2021-03,14632,-266.0363636,-3.42078451,77.77057072,"Q1,2021",-0.48945709,0.014923595,-11.02219096,190388,50416,0.264806605,139972,547996,139972,139972,139972,1,0
217,217,217,1169652,12/30/2020,40312,1169652_0.csv,1923,13437.33333,161248,83.85231409,,,,0.001336095,1.97E-06,,"('Q4', '2020')",https://www.sec.gov/Archives/edgar/data/1169652/000116965221000007/Financial_Report.xlsx,2020-12,14469,,,77.5640725,"Q4,2020",,NaN,,180661,50570,0.279916529,130091,569913,130091,130091,130091,1,0
218,218,218,1261333,ttm,2107213,1261333_0.csv,53345638,702404.3333,8428852,0.158004521,-2.627946792,3.627946792,2.627946655,0.049033461,0.049018933,-0.060124703,"('-1', 'ttm')",,2021-ttm,1076527,,,76.42597552,"-1,ttm",,-5.93E-09,,,,,,,,,,,
219,219,219,1261333,1/30/2022,580828,1261333_0.csv,14704085,193609.3333,2323312,0.158004527,0.04478456,0.95521544,0.064834828,0.013515486,0.013511481,3.52810273,"('Q4', '2021')",,2021-12,299417,-0.434321647,-0.005672045,76.57231764,"Q4,2021",-0.4307759,0.016265771,-8.12324865,2541265,2265762,0.891588244,275503,573734,275503,993990,275503,0.277168784,0.722831216
220,220,220,1261333,10/30/2021,545463,1261333_0.csv,15393475,181821,2181852,0.141738756,-0.065682081,1.065682081,0.065682122,0.014994619,0.014994618,-2.157951682,"('Q3', '2021')",https://www.sec.gov/Archives/edgar/data/1261333/000126133321000214/Financial_Report.xlsx,2021-09,275619,0.290504754,0.003807023,76.30759651,"Q3,2021",0.322313205,5.50E-09,-7.428283534,2410503,2170934,0.900614519,239569,548390,239569,958390,239569,0.249970263,0.750029737
221,221,221,1261333,7/30/2021,511844,1261333_0.csv,14444716,170614.6667,2047376,0.141738751,-0.091170381,1.091170381,0.091170338,0.014070442,0.014070442,-1.554657876,"('Q2', '2021')",https://www.sec.gov/Archives/edgar/data/1261333/000126133321000163/Financial_Report.xlsx,2021-06,262372,0.217393862,0.002873841,75.64575646,"Q2,2021",0.24330742,-5.51E-09,-7.151342091,2355687,2143811,0.91005766,211876,825513,211876,942148,211876,0.224886111,0.775113889
222,222,222,1261333,4/29/2021,469078,1261333_0.csv,13237819,156359.3333,1876312,0.141738756,-0.088605635,1.088605635,0.088605656,0.012894818,0.012894817,-1.599658492,"('Q1', '2021')",https://www.sec.gov/Archives/edgar/data/1261333/000126133321000108/Financial_Report.xlsx,2021-03,239119,0.221925335,0.002894568,76.66957933,"Q1,2021",0.245062259,2.77E-09,-7.208093182,2297120,2053883,0.894112193,243237,827346,243237,985814,243237,0.246737214,0.753262786
223,223,223,1261333,1/30/2021,430898,1261333_0.csv,12160344,143632.6667,1723592,0.141738753,,,,0.01184526,0.01184526,,"('Q4', '2020')",https://www.sec.gov/Archives/edgar/data/1261333/000126133321000059/Financial_Report.xlsx,2020-12,221896,,,77.95297762,"Q4,2020",,NaN,,2336507,2010770,0.860588049,325737,827411,325737,1022346,325737,0.31861718,0.68138282
224,224,224,1262039,ttm,3342200,1262039_0.csv,550000,1114066.667,13368800,24.30690909,0.132886008,0.867113992,2.46845164,0.077770797,0.000505391,182.9154892,"('-1', 'ttm')",,2021-ttm,1345700,,,77.67379679,"-1,ttm",,18.23017423,,,,,,,,,,,
225,225,225,1262039,12/30/2021,963600,1262039_0.csv,634288,321200,3854400,6.076734859,-0.111162109,1.111162109,0.111162362,0.026489083,0.000617853,-54.66552343,"('Q4', '2021')",,2021-12,367700,5.794657631,0.11094812,52.22853386,"Q4,2021",0.219094212,1.38E-06,-9.433779683,5919100,5120700,0.865114629,798400,833010,781700,1770100,798400,0.451047963,0.548952037
226,226,226,1262039,9/29/2021,867200,1262039_0.csv,570833,289066.6667,3468800,6.076733475,-0.082511099,1.082511099,0.082511547,0.023839075,0.000556042,-73.64746786,"('Q3', '2021')",https://www.sec.gov/Archives/edgar/data/1262039/000126203921000030/Financial_Report.xlsx,2021-09,347100,7.977476442,0.159695766,49.95421375,"Q3,2021",0.315358441,2.52E-06,-9.231925458,5970600,4835000,0.80980136,1135600,653219,1118100,2106100,1135600,0.53919567,0.46080433
227,227,227,1262039,6/29/2021,801100,1262039_0.csv,527323,267033.3333,3204400,6.07673096,-0.127833363,1.127833363,0.12783331,0.022022006,0.00051366,-47.53634605,"('Q2', '2021')",https://www.sec.gov/Archives/edgar/data/1262039/000126203921000022/Financial_Report.xlsx,2021-06,326900,5.469390487,0.102367836,53.4287988,"Q2,2021",0.202150471,-2.84E-07,-8.691342512,5558900,4508700,0.811077731,1050200,352.298,1050200,2037700,1050200,0.515384993,0.484615007
228,228,228,1262039,3/30/2021,710300,1262039_0.csv,467554,236766.6667,2841200,6.076731244,0.050401121,0.949598879,-0.05040107,0.01952594,0.000455439,120.5673824,"('Q1', '2021')",https://www.sec.gov/Archives/edgar/data/1262039/000126203921000014/Financial_Report.xlsx,2021-03,304000,-12.25016119,-0.231579219,52.89836123,"Q1,2021",-0.457310109,3.30E-07,-9.842105798,5282200,4301400,0.814319791,980800,358.006,980800,1967800,980800,0.498424637,0.501575363
229,229,229,1262039,12/30/2020,748000,1262039_0.csv,492370,249333.3333,2992000,6.076730914,,,,0.024791608,0.000503961,,"('Q4', '2020')",https://www.sec.gov/Archives/edgar/data/1262039/000126203921000008/Financial_Report.xlsx,2020-12,291400,,,52.83337363,"Q4,2020",,NaN,,4044500,3188500,0.788354556,856000,76.664,856000,856000,856000,1,0
230,230,230,1280058,ttm,927740,1280058_0.csv,45000,309246.6667,3710960,82.46577778,0.064351804,0.935648196,2.742532,0.0215879,4.14E-05,1281.483548,"('-1', 'ttm')",,2021-ttm,186314,,,50.71185379,"-1,ttm",,61.84899849,,,,,,,,,,,
231,231,231,1280058,12/30/2021,247891,1280058_0.csv,48095,82630.33333,991564,20.61677929,-0.072113241,1.072113241,0.072109438,0.006814451,4.68E-05,-285.8945036,"('Q4', '2021')",,2021-12,47366,14.64173107,0.263683262,55.52772269,"Q4,2021",0.153476889,-7.31E-05,-19.52600429,2971617,2254557,0.758697033,717060,73.847,717060,1654543,717060,0.433388555,0.566611445
232,232,232,1280058,9/29/2021,231218,1280058_0.csv,44860,77072.66667,924872,20.61685243,-0.007750197,1.007750197,0.007749303,0.006356115,4.37E-05,-2660.171553,"('Q3', '2021')",,2021-09,44703,129.573913,2.397176078,54.05273072,"Q3,2021",1.395271807,-1.83E-05,-20.53014755,1654944,1258107,0.760211222,396837,60.118,396837,911255,396837,0.43548403,0.56451597
233,233,233,1280058,6/29/2021,229440,1280058_0.csv,44515,76480,917760,20.61687072,-0.046746773,1.046746773,0.046758307,0.006307239,4.34E-05,-441.0330287,"('Q2', '2021')",,2021-06,45452,22.86317907,0.404678086,56.49720077,"Q2,2021",0.235541906,0.000227174,-19.29010079,1903362,1498088,0.787074661,405274,260073,405274,937247,405274,0.432408959,0.567591041
234,234,234,1280058,3/30/2021,219191,1280058_0.csv,42527,73063.66667,876764,20.61664354,0.096515827,0.903484173,-0.096514513,0.006025497,4.14E-05,213.6089394,"('Q1', '2021')",,2021-03,48793,-10.74025974,-0.194522532,55.21344814,"Q1,2021",-0.113222619,3.00E-05,-19.88861951,1684340,1268180,0.752923994,416160,263227,416160,954084,416160,0.436188009,0.563811991
235,235,235,1280058,12/30/2020,242606,1280058_0.csv,47070,80868.66667,970424,20.61661355,,,,0.0080409,4.82E-05,,"('Q4', '2020')",https://www.sec.gov/Archives/edgar/data/1280058/000128005821000006/Financial_Report.xlsx,2020-12,50613,,,56.62740604,"Q4,2020",,NaN,,2044734,1618584,0.791586583,426150,249792,426150,944343,426150,0.451266118,0.548733882
236,236,236,1288847,ttm,609591,1288847_0.csv,2000,203197,2438364,1219.182,0.122036874,0.877963126,2.511489121,0.014184782,1.84E-06,9990.275525,"('-1', 'ttm')",,2021-ttm,193929,,,59.93822575,"-1,ttm",,914.3549587,,,,,,,,,,,
237,237,237,1288847,12/30/2021,173599,1288847_0.csv,2278,57866.33333,694396,304.8270413,-0.124938272,1.124938272,0.124870406,0.004772186,2.22E-06,-2439.82118,"('Q4', '2021')",,2021-12,53394,211.0434783,2.706109579,77.98777992,"Q4,2021",0.106530296,-0.018390834,-11.56075137,1192942,981810,0.823015704,211132,452724,211132,979731,211132,0.215499969,0.784500031
238,238,238,1288847,9/29/2021,154328,1288847_0.csv,2025,51442.66667,617312,304.8454321,-0.073700954,1.073700954,0.073347151,0.004242432,1.97E-06,-4136.248093,"('Q3', '2021')",https://www.sec.gov/Archives/edgar/data/1288847/000128884721000139/Financial_Report.xlsx,2021-09,49712,357.6402878,4.483315526,79.77138474,"Q3,2021",0.17648218,-0.100485186,-11.56538632,1150906,979836,0.85136058,171070,456856,171070,944423,171070,0.181137054,0.818862946
239,239,239,1288847,6/29/2021,143782,1288847_0.csv,1886,47927.33333,575128,304.9459173,-0.042564953,1.042564953,0.042790212,0.003952525,1.84E-06,-7164.248888,"('Q2', '2021')",https://www.sec.gov/Archives/edgar/data/1288847/000128884721000110/Financial_Report.xlsx,2021-06,46024,597.7142857,7.676351969,77.86436684,"Q2,2021",0.302073969,0.065873062,-11.98607606,1135716,973010,0.856737072,162706,3956300,162706,936294,162706,0.173776613,0.826223387
240,240,240,1288847,3/30/2021,137882,1288847_0.csv,1809,45960.66667,551528,304.8800442,-0.07806913,1.07806913,0.078171795,0.003790336,1.76E-06,-3905.25736,"('Q1', '2021')",https://www.sec.gov/Archives/edgar/data/1288847/000128884721000069/Financial_Report.xlsx,2021-03,44799,341.9770992,4.511898225,75.79450647,"Q1,2021",0.177587152,0.029031112,-11.41964584,1118749,974543,0.871100667,144206,3971600,144206,926447,144206,0.155654884,0.844345116
241,241,241,1288847,12/30/2020,127885,1288847_0.csv,1678,42628.33333,511540,304.8510131,,,,0.004238603,1.72E-06,,"('Q4', '2020')",https://www.sec.gov/Archives/edgar/data/1288847/000128884721000029/Financial_Report.xlsx,2020-12,37053,,,78.28147254,"Q4,2020",,NaN,,1063742,784578,0.737564184,279164,3539400,279164,922480,279164,0.302623363,0.697376637
242,242,242,1301991,ttm,0,1301991_0.csv,0,0,0,,,,,0,0,,"('-1', 'ttm')",,2021-ttm,0,,,78.11084445,"-1,ttm",,,,,,,,,,,,,
243,243,243,1301991,12/30/2021,0,1301991_0.csv,0,0,0,,,,,0,0,,"('Q4', '2021')",,2021-12,0,,,69.626351,"Q4,2021",,,,83.551,3034,36.31315005,2950,3508300,3097,2950,-2950.449,-1.000152203,2.000152203
244,244,244,1301991,9/29/2021,0,1301991_0.csv,0,0,0,,,,,0,0,,"('Q3', '2021')",https://www.sec.gov/Archives/edgar/data/1301991/000182912621011870/Financial_Report.xlsx,2021-09,0,,,69.22317564,"Q3,2021",,,,162.773,3088,18.9712053,2926,3472600,3099,2926,-2925.227,-0.999735817,1.999735817
245,245,245,1301991,6/29/2021,0,1301991_0.csv,0,0,0,,,,,0,0,,"('Q2', '2021')",,2021-06,0,,,69.48853616,"Q2,2021",,,,50.325,2311,45.92151018,2261,2102756,2458,2261,-2260.675,-0.999856258,1.999856258
246,246,246,1301991,3/30/2021,0,1301991_0.csv,0,0,0,,,,,0,0,,"('Q1', '2021')",https://www.sec.gov/Archives/edgar/data/1301991/000182912621004057/Financial_Report.xlsx,2021-03,0,,,70.56507832,"Q1,2021",,,,65.177,2242,34.39863756,2176,2134630,2296,2176,-2176.823,-1.000378217,2.000378217
247,247,247,1301991,12/30/2020,0,1301991_0.csv,0,0,0,,,,,0,0,,"('Q4', '2020')",https://www.sec.gov/Archives/edgar/data/1301991/000182912621000897/Financial_Report.xlsx,2020-12,0,,,69.21501071,"Q4,2020",,NaN,,61.466,2193,35.67826115,2132,2147865,2251,2132,-2131.534,-0.999781426,1.999781426
248,248,248,1321655,ttm,1541889,1321655_0.csv,39034047,513963,6167556,0.158004524,-2.195344743,3.195344743,2.562038686,0.035878743,0.035868112,-0.071972534,"('-1', 'ttm')",,2021-ttm,614512,,,69.75120464,"-1,ttm",,0.01626577,,,,,,,,,,,
249,249,249,1321655,12/30/2021,432867,1321655_0.csv,12215911,144289,1731468,0.141738754,-0.103841461,1.103841461,0.103841426,0.011899388,0.011899387,-1.36495338,"('Q4', '2021')",,2021-12,162593,0.141485488,0.001959374,72.20955173,"Q4,2021",0.165886057,-4.48E-09,-9.647303084,3247450,956420,0.294514157,2291030,2159669,2291030,2291030,2291030,1,0
250,250,250,1321655,9/29/2021,392146,1321655_0.csv,11066726,130715.3333,1568584,0.141738758,-0.043935422,1.043935422,0.043935449,0.010779979,0.010779979,-3.226070276,"('Q3', '2021')",https://www.sec.gov/Archives/edgar/data/1321655/000119312521323920/Financial_Report.xlsx,2021-09,153443,0.329447911,0.004596437,71.67463218,"Q3,2021",0.389147198,3.72E-09,-9.792353118,3224327,976271,0.302782875,2248056,2238065,2248056,2248056,2248056,1,0
251,251,251,1321655,6/29/2021,375642,1321655_0.csv,10600968,125214,1502568,0.141738754,-0.100834044,1.100834044,0.100834032,0.010326289,0.010326289,-1.405663684,"('Q2', '2021')",https://www.sec.gov/Archives/edgar/data/1321655/000095012321010430/Financial_Report.xlsx,2021-06,162379,0.167224153,0.002293969,72.89730822,"Q2,2021",0.194213827,-1.64E-09,-8.405865193,3075668,1006705,0.327312636,2068963,965781,2068963,2068963,2068963,1,0
252,252,252,1321655,3/30/2021,341234,1321655_0.csv,9629942,113744.6667,1364936,0.141738756,0.07669012,0.92330988,0.059433514,0.009380423,0.009380423,1.848200988,"('Q1', '2021')",https://www.sec.gov/Archives/edgar/data/1321655/000119312521159222/Financial_Report.xlsx,2021-03,136097,-0.170150388,-0.002344136,72.58555287,"Q1,2021",-0.198461096,0.018211614,-10.86216145,3014185,1208242,0.400851972,1805943,967506,1805943,2004128,1805943,0.901111606,0.098888394
253,253,253,1321655,12/30/2020,322091,1321655_0.csv,10429805,107363.6667,1288364,0.123527142,,,,0.010675339,0.010675338,,"('Q4', '2020')",https://www.sec.gov/Archives/edgar/data/1321655/000119312521060650/Financial_Report.xlsx,2020-12,147619,,,71.65585988,"Q4,2020",,NaN,,2690504,1167954,0.434102309,1522550,965933,1522550,1720527,1522550,0.884932349,0.115067651
254,254,254,1327567,ttm,4857500,1327567_0.csv,80000,1619166.667,19430000,242.875,0.077852318,0.922147682,2.688586833,0.113030832,7.35E-05,3119.68874,"('-1', 'ttm')",,2021-ttm,1972500,,,72.33821455,"-1,ttm",,182.1561859,,,,,,,,,,,
255,255,255,1327567,1/30/2022,1316900,1327567_0.csv,86754,438966.6667,5267600,60.71881412,-0.055722543,1.055722543,0.055715889,0.030643397,7.97E-05,-1089.663365,"('Q4', '2021')",,2021-12,528800,115.4837301,1.796335694,64.28850156,"Q4,2021",0.355013988,-0.000382718,-9.435644006,10400500,10282700,0.988673621,117800,967923,117800,117800,117800,1,0
256,256,256,1327567,10/30/2021,1247400,1327567_0.csv,82175,415800,4989600,60.71919684,-0.023044171,1.023044171,0.02304601,0.034290662,8.00E-05,-2634.90479,"('Q3', '2021')",https://www.sec.gov/Archives/edgar/data/1327567/000132756721000040/Financial_Report.xlsx,2021-09,505900,273.3117234,4.387618414,62.2915891,"Q3,2021",0.867129734,0.000109141,-9.640657772,10426400,9907500,0.950232103,518900,882334,518900,518900,518900,1,0
257,257,257,1327567,7/30/2021,1219300,1327567_0.csv,80324,406433.3333,4877200,60.71908769,-0.135401795,1.135401795,0.135394357,0.033518202,7.82E-05,-448.4363565,"('Q2', '2021')",https://www.sec.gov/Archives/edgar/data/1327567/000132756721000029/Financial_Report.xlsx,2021-06,489800,51.13268608,0.801995369,63.75683461,"Q2,2021",0.15849949,-0.000397781,-8.770052795,10241600,9478000,0.925441337,763600,78413000,763600,2431700,763600,0.314018999,0.685981001
258,258,258,1327567,4/29/2021,1073900,1327567_0.csv,70745,357966.6667,4295600,60.71948548,-0.056053142,1.056053142,0.056052709,0.029521198,6.89E-05,-1083.248557,"('Q1', '2021')",https://www.sec.gov/Archives/edgar/data/1327567/000132756721000014/Financial_Report.xlsx,2021-03,448000,119.3075899,1.829999091,65.19543669,"Q1,2021",0.361662964,-2.49E-05,-9.079460563,9562100,8564900,0.895713285,997200,78431000,997200,4187800,997200,0.238120254,0.761879746
259,259,259,1327567,1/30/2021,1016900,1327567_0.csv,66990,338966.6667,4067600,60.71951037,,,,0.027954285,6.53E-05,,"('Q4', '2020')",https://www.sec.gov/Archives/edgar/data/1327567/000132756721000004/Financial_Report.xlsx,2020-12,427400,,,66.24234383,"Q4,2020",,NaN,,9488400,8289900,0.873687872,1198500,82718000,1198500,2827600,1198500,0.423857688,0.576142312
260,260,260,1327811,ttm,5138798,1327811_0.csv,130092429,1712932.667,20555192,0.158004522,-2.734208996,3.734208996,2.734208922,0.119576451,0.119541021,-0.057788019,"('-1', 'ttm')",,2021-ttm,1461921,,,68.31084948,"-1,ttm",,-3.12E-09,,,,,,,,,,,
261,261,261,1327811,1/30/2022,1376141,1327811_0.csv,34838015,458713.6667,5504564,0.158004525,0.069909892,0.930090108,0.03682616,0.032021896,0.032012408,2.260116847,"('Q4', '2021')",,2021-12,410947,-0.156934637,-0.001975652,79.43433667,"Q4,2021",-0.150045252,0.016265773,-14.40164448,10498505,5963423,0.568025924,4535082,84245000,4535082,5152436,4535082,0.880182112,0.119817888
262,262,262,1327811,10/30/2021,1327263,1327811_0.csv,37456602,442421,5309052,0.141738751,-0.053081619,1.053081619,0.053081617,0.036486073,0.036486072,-2.670204023,"('Q3', '2021')",https://www.sec.gov/Archives/edgar/data/1327811/000132781121000174/Financial_Report.xlsx,2021-09,366323,0.19402321,0.002459031,78.90231142,"Q3,2021",0.208188436,-1.97E-10,-13.76229173,9440883,5225067,0.553451091,4215816,69299000,4215816,4851810,4215816,0.868916136,0.131083864
263,263,263,1327811,7/30/2021,1260361,1327811_0.csv,35568565,420120.3333,5041444,0.141738752,-0.072617539,1.072617539,0.072617535,0.034646957,0.034646956,-1.951852872,"('Q2', '2021')",https://www.sec.gov/Archives/edgar/data/1327811/000132781121000133/Financial_Report.xlsx,2021-06,358157,0.148734072,0.001878899,79.16023166,"Q2,2021",0.159072847,-4.97E-10,-13.12310518,9113845,5245855,0.575591861,3867990,19.935,3867990,4522623,3867990,0.855253688,0.144746312
264,264,264,1327811,4/29/2021,1175033,1327811_0.csv,33160529,391677.6667,4700132,0.141738752,-0.038304853,1.038304853,0.038304862,0.032301315,0.032301314,-3.7002818,"('Q1', '2021')",https://www.sec.gov/Archives/edgar/data/1327811/000132781121000054/Financial_Report.xlsx,2021-03,326494,0.26688541,0.003404933,78.38199013,"Q1,2021",0.288271155,1.23E-09,-13.8646837,8624007,5218566,0.605120798,3405441,19.935,3405441,4078714,3405441,0.834930078,0.165069922
265,265,265,1327811,1/30/2021,1131684,1327811_0.csv,31937180,377228,4526736,0.141738751,,,,0.031109663,0.031109663,,"('Q4', '2020')",https://www.sec.gov/Archives/edgar/data/1327811/000132781121000020/Financial_Report.xlsx,2020-12,335249,,,81.09913601,"Q4,2020",,NaN,,8718411,5440577,0.624033095,3277834,19.935,3277834,3969747,3277834,0.825703502,0.174296498
266,266,266,1337619,ttm,1186517,1337619_0.csv,30037545,395505.6667,4746068,0.158004524,-2.33010366,3.33010366,2.712262336,0.027609471,0.02760129,-0.067810084,"('-1', 'ttm')",,2021-ttm,0,,,81.01140307,"-1,ttm",,0.016265768,,,,,,,,,,,
267,267,267,1337619,12/30/2021,319621,1337619_0.csv,9020003,106540.3333,1278484,0.141738756,-0.054670376,1.054670376,0.054670305,0.008786288,0.008786288,-2.592606202,"('Q4', '2021')",,2021-12,0,0,,,"Q4,2021",,-9.50E-09,#NAME?,2241182,1281640,0.571858957,959542,19.935,957089,1805951,959542,0.531322278,0.468677722
268,268,268,1337619,9/29/2021,303053,1337619_0.csv,8552438,101017.6667,1212212,0.141738765,-0.049577736,1.049577736,0.049577818,0.008330839,0.008330838,-2.85891968,"('Q3', '2021')",https://www.sec.gov/Archives/edgar/data/1337619/000162828021022327/Financial_Report.xlsx,2021-09,0,0,,,"Q3,2021",,1.11E-08,#NAME?,2217345,1270270,0.572878826,947075,1018326,944435,1792068,947075,0.52848162,0.47151838
269,269,269,1337619,6/29/2021,288738,1337619_0.csv,8148456,96246,1154952,0.141738754,-0.049555625,1.049555625,0.049555624,0.007937323,0.007937323,-2.86019504,"('Q2', '2021')",https://www.sec.gov/Archives/edgar/data/1337619/000162828021016073/Financial_Report.xlsx,2021-06,0,0,,,"Q2,2021",,-1.59E-10,#NAME?,2170696,1253230,0.577340171,917466,1020628,917117,1763528,917466,0.520244646,0.479755354
270,270,270,1337619,3/30/2021,275105,1337619_0.csv,7763720,91701.66667,1100420,0.141738754,0.091204499,0.908795501,0.04277933,0.007562556,0.007562556,1.554076333,"('Q1', '2021')",https://www.sec.gov/Archives/edgar/data/1337619/000162828021009523/Financial_Report.xlsx,2021-03,0,0,,,"Q1,2021",,0.01821162,#NAME?,2142988,1229259,0.573619171,913729,63480,914141,1759336,913729,0.519360145,0.480639855
271,271,271,1337619,12/30/2020,263819,1337619_0.csv,8542868,87939.66667,1055276,0.123527134,,,,0.00874398,0.00874398,,"('Q4', '2020')",https://www.sec.gov/Archives/edgar/data/1337619/000162828021003457/Financial_Report.xlsx,2020-12,0,,,,"Q4,2020",,NaN,,2144290,1168472,0.544922562,975818,65008,976337,1732840,975818,0.563132199,0.436867801
272,272,272,1341439,ttm,41827000,1341439_0.csv,275000,13942333.33,167308000,608.3927273,0.005349412,0.994650588,2.978597926,0.973286795,0.000252696,113730.7727,"('-1', 'ttm')",,2022-ttm,7888000,,,70.69545922,"-1,ttm",,456.2943762,,,,,,,,,,,
273,273,273,1341439,2/27/2022,10513000,1341439_0.csv,276479,3504333.333,42052000,152.0983511,-0.014769411,1.014769411,0.01476834,0.244630599,0.000254055,-10298.19986,"('Q1', '2022')",,2022-03,2004000,498.0119284,7.109428494,70.04950241,"Q1,2022",0.560907737,-0.000160631,-20.67862088,108644000,116855000,1.075577114,8211000,67964,8696000,63469000,-8211000,-0.129370244,1.129370244
274,274,274,1341439,11/29/2021,10360000,1341439_0.csv,272455,3453333.333,41440000,152.0985117,-0.064967909,1.064967909,0.064967105,0.28479338,0.000265395,-2341.132943,"('Q4', '2021')",https://www.sec.gov/Archives/edgar/data/1341439/000156459021060022/Financial_Report.xlsx,2021-12,1954000,117.5621202,1.662286375,70.72314494,"Q4,2021",0.131148137,-0.000114772,-19.91400749,106897000,116555000,1.090348653,9658000,-,10101000,63332000,-9658000,-0.152497947,1.152497947
275,275,275,1341439,8/30/2021,9728000,1341439_0.csv,255834,3242666.667,38912000,152.0986265,0.133518032,0.866481968,-0.133517413,0.267419885,0.000249205,1139.161688,"('Q3', '2021')",https://www.sec.gov/Archives/edgar/data/1341439/000156459021047772/Financial_Report.xlsx,2021-09,1854000,-47.02957739,-0.660438365,71.20963878,"Q3,2021",-0.052106061,0.000108557,-24.22223951,122924000,124054000,1.009192672,1130000,500,1541000,74429000,-1130000,-0.015182254,1.015182254
276,276,276,1341439,5/30/2021,11227000,1341439_0.csv,295256,3742333.333,44908000,152.0985179,-0.113236786,1.113236786,0.113237481,0.308626958,0.000287606,-1343.189998,"('Q2', '2021')",,2021-06,2077000,69.15726035,0.975178954,70.91750705,"Q2,2021",0.076937945,9.51E-05,-19.42225576,131107000,125155000,0.954601966,5952000,647,5238000,81233000,5952000,0.073270715,0.926729285
277,277,277,1341439,2/27/2021,10085000,1341439_0.csv,265223,3361666.667,40340000,152.0984228,,,,0.277233711,0.000258351,,"('Q1', '2021')",https://www.sec.gov/Archives/edgar/data/1341439/000156459021033616/Financial_Report.xlsx,2021-03,1915000,,,71.96808511,"Q1,2021",,NaN,,118109000,108472000,0.918405879,9637000,792,8900000,72441000,9637000,0.133032399,0.866967601
278,278,278,1342936,ttm,0,1342936_0.csv,0,0,0,,,,,0,0,,"('-1', 'ttm')",,2021-ttm,0,,,55.91780586,"-1,ttm",,,,,,,,,,,,,
279,279,279,1342936,9/29/2021,0,1342936_0.csv,0,0,0,,,,,0,0,,"('Q3', '2021')",https://www.sec.gov/Archives/edgar/data/1342936/000137647421000416/Financial_Report.xlsx,2021-09,0,,,53.66115525,"Q3,2021",,,,8.187,305.156,37.27323806,296.969,945,296.969,296.969,-296.969,-1,2
280,280,280,1342936,6/29/2021,0,1342936_0.csv,0,0,0,,,,,0,0,,"('Q2', '2021')",https://www.sec.gov/Archives/edgar/data/1342936/000137647421000272/Financial_Report.xlsx,2021-06,0,,,55.17976215,"Q2,2021",,,,6.814,304.785,44.72923393,297.971,3363287,297.971,297.971,-297.971,-1,2
281,281,281,1342936,3/30/2021,0,1342936_0.csv,0,0,0,,,,,0,0,,"('Q1', '2021')",https://www.sec.gov/Archives/edgar/data/1342936/000137647421000165/Financial_Report.xlsx,2021-03,0,,,56.80388403,"Q1,2021",,,,11.648,293.171,25.1692136,281.523,3303133,281.523,281.523,-281.523,-1,2
282,282,282,1342936,12/30/2020,0,1342936_0.csv,0,0,0,,,,,0,0,,"('Q4', '2020')",https://www.sec.gov/Archives/edgar/data/1342936/000137647421000115/Financial_Report.xlsx,2020-12,0,,,57.86984613,"Q4,2020",,NaN,,14.332,276.955,19.32423946,262.623,3273705,262.623,262.623,-262.623,-1,2
283,283,283,1348036,ttm,698977,1348036_0.csv,30000,232992.3333,2795908,93.19693333,0.104504343,0.895495657,2.581889086,0.016264735,2.76E-05,891.7996183,"('-1', 'ttm')",,2021-ttm,296006,,,59.22207289,"-1,ttm",,69.89709154,,,,,,,,,,,
284,284,284,1348036,12/30/2021,195142,1348036_0.csv,33501,65047.33333,780568,23.2998418,-0.077133303,1.077133303,0.077138773,0.005364397,3.26E-05,-302.0723966,"('Q4', '2021')",,2021-12,83938,34.98874531,0.482282775,72.54819603,"Q4,2021",0.248387665,0.000118305,-8.633416087,2698531,1672077,0.6196249,1026454,2555212,1026454,1987713,1026454,0.5163995,0.4836005
285,285,285,1348036,9/29/2021,181167,1348036_0.csv,31102,60389,724668,23.29972349,-0.071559001,1.071559001,0.07156926,0.004980228,3.03E-05,-325.6015765,"('Q3', '2021')",https://www.sec.gov/Archives/edgar/data/1348036/000156459021054616/Financial_Report.xlsx,2021-09,75867,36.5272027,0.463105416,78.87448828,"Q3,2021",0.238512058,0.00022306,-8.913947755,2638275,1602827,0.607528404,1035448,2633605,1035448,1995821,1035448,0.518808049,0.481191951
286,286,286,1348036,6/29/2021,169067,1348036_0.csv,29025,56355.66667,676268,23.29950043,-0.100682594,1.100682594,0.100689449,0.004647603,2.83E-05,-231.4153772,"('Q2', '2021')",https://www.sec.gov/Archives/edgar/data/1348036/000156459021041748/Financial_Report.xlsx,2021-06,71897,27.07984934,0.377813859,71.67510842,"Q2,2021",0.194586417,0.000145103,-8.545667084,1679954,574605,0.342036151,1105349,6303,1105349,1105349,1105349,1,0
287,287,287,1348036,3/30/2021,153601,1348036_0.csv,26370,51200.33333,614404,23.29935533,-0.061081603,1.061081603,0.061073501,0.004222447,2.57E-05,-381.4463627,"('Q1', '2021')",https://www.sec.gov/Archives/edgar/data/1348036/000156459021025131/Financial_Report.xlsx,2021-03,64304,42.36100132,0.607570276,69.7219778,"Q1,2021",0.312920388,-0.000177909,-9.004658787,1601862,520416,0.324881919,1081446,6292,1081446,1081446,1081446,1,0
288,288,288,1348036,12/30/2020,144760,1348036_0.csv,24852,48253.33333,579040,23.29953324,,,,0.004797905,2.54E-05,,"('Q4', '2020')",https://www.sec.gov/Archives/edgar/data/1348036/000156459021008919/Financial_Report.xlsx,2020-12,59759,,,65.75925553,"Q4,2020",,NaN,,1602333,522173,0.325882947,1080160,6347,1080160,1080160,1080160,1,0
289,289,289,1351636,ttm,58155,1351636_0.csv,1472236,19385,232620,0.158004559,-2.734042823,3.734042823,3.162550998,0.001353229,0.001352827,-0.057791545,"('-1', 'ttm')",,2021-ttm,15479,,,79.88183787,"-1,ttm",,0.016265565,,,,,,,,,,,
290,290,290,1351636,12/30/2021,13971,1351636_0.csv,394274,4657,55884,0.141738994,0.039595254,0.960404746,-0.039595793,0.000384059,0.000384058,3.579696545,"('Q4', '2021')",,2021-12,3598,-0.221347278,-0.002950534,75.01938538,"Q4,2021",-0.249800086,-7.95E-08,-16.17230888,72304,38489,0.532321863,33815,6563,33815,33815,33815,1,0
291,291,291,1351636,9/29/2021,14547,1351636_0.csv,410529,4849,58188,0.141739073,0.0052653,0.9947347,-0.005265317,0.000399893,0.000399892,26.91946572,"('Q3', '2021')",https://www.sec.gov/Archives/edgar/data/1351636/000095017021004414/Financial_Report.xlsx,2021-09,4018,-1.849056604,-0.02499287,73.98336414,"Q3,2021",-2.115961629,-2.41E-09,-14.55848656,64899,29623,0.456447711,35276,967,35276,35276,35276,1,0
292,292,292,1351636,6/29/2021,14624,1351636_0.csv,412702,4874.666667,58496,0.141739076,0.025911065,0.974088935,-0.025910877,0.000402009,0.000402009,5.470214208,"('Q2', '2021')",https://www.sec.gov/Archives/edgar/data/1351636/000095017021001292/Financial_Report.xlsx,2021-06,3928,-0.357806522,-0.004787737,74.73395679,"Q2,2021",-0.405342299,2.73E-08,-15.28819032,61441,26053,0.424032812,35388,605,35388,35388,35388,1,0
293,293,293,1351636,3/30/2021,15013,1351636_0.csv,423680,5004.333333,60052,0.141739048,-0.034390152,1.034390152,0.186892244,0.000412703,0.000412702,-4.121501048,"('Q1', '2021')",https://www.sec.gov/Archives/edgar/data/1351636/000095017021000190/Financial_Report.xlsx,2021-03,3935,0.279355388,0.003730314,74.88789238,"Q1,2021",0.315818218,0.018211848,-14.75361214,64443,30672,0.475955496,33771,684,33771,33771,33771,1,0
294,294,294,1351636,12/30/2020,12649,1351636_0.csv,409594,4216.333333,50596,0.1235272,,,,0.000419237,0.000419236,,"('Q4', '2020')",https://www.sec.gov/Archives/edgar/data/1351636/000156459021016134/Financial_Report.xlsx,2020-12,3091,,,76.62404976,"Q4,2020",,NaN,,66320,32015,0.482735223,34305,1952,34305,34305,34305,1,0
295,295,295,1353283,ttm,2673664,1353283_0.csv,12000,891221.3333,10694656,891.2213333,0.258206095,0.741793905,1.967048747,0.062214404,1.10E-05,3451.589061,"('-1', 'ttm')",,2021-ttm,1534600,,,73.47048301,"-1,ttm",,668.4064727,,,,,,,,,,,
296,296,296,1353283,1/30/2022,901119,1353283_0.csv,16177,300373,3604476,222.8148606,-0.355538797,1.355538797,0.355573741,0.020968447,1.49E-05,-626.6963343,"('Q4', '2021')",,2021-12,409431,96.49563988,1.227969073,78.58149039,"Q4,2021",0.066133959,0.005743795,-6.494555973,5790875,5568104,0.961530684,222771,2019,222771,3360502,222771,0.066290989,0.933709011
297,297,297,1353283,10/30/2021,664751,1353283_0.csv,11934,221583.6667,2659004,222.8091168,-0.097480228,1.097480228,0.09741425,0.018273811,1.16E-05,-2285.685223,"('Q3', '2021')",https://www.sec.gov/Archives/edgar/data/1353283/000135328321000036/Financial_Report.xlsx,2021-09,386932,365.0301887,4.582259478,79.66161463,"Q3,2021",0.246790233,-0.013395606,-6.261633404,5088942,4911234,0.965079578,177708,79783,177708,3273550,177708,0.05428602,0.94571398
298,298,298,1353283,7/30/2021,605743,1353283_0.csv,10874,201914.3333,2422972,222.8225124,-0.20647953,1.20647953,0.206536786,0.016651699,1.06E-05,-1079.15062,"('Q2', '2021')",https://www.sec.gov/Archives/edgar/data/1353283/000135328321000026/Financial_Report.xlsx,2021-06,382129,205.3353036,2.594231472,79.15072569,"Q2,2021",0.139711097,0.010574104,-5.255553241,6046324,4911659,0.812338042,1134665,82543,1134665,4189128,1134665,0.270859472,0.729140528
299,299,299,1353283,4/29/2021,502051,1353283_0.csv,9013,167350.3333,2008204,222.8119383,0.32618122,0.67381878,-0.326176588,0.013801236,8.78E-06,683.0924792,"('Q1', '2021')",https://www.sec.gov/Archives/edgar/data/1353283/000135328321000019/Financial_Report.xlsx,2021-03,356108,-81.61998625,-1.055820487,77.30479493,"Q1,2021",-0.056863407,0.001531613,-8.369181504,5297865,4051634,0.764767317,1246231,86079,1246231,3575424,1246231,0.348554745,0.651445255
300,300,300,1353283,1/30/2021,745078,1353283_0.csv,13376,248359.3333,2980312,222.8104067,,,,0.020481977,1.30E-05,,"('Q4', '2020')",https://www.sec.gov/Archives/edgar/data/1353283/000135328321000009/Financial_Report.xlsx,2020-12,369999,,,77.83764597,"Q4,2020",,NaN,,5868486,4274481,0.728378836,1594005,88984,1594005,3896640,1594005,0.409071662,0.590928338
301,301,301,1353499,ttm,288,1353499_0.csv,7290,96,1152,0.158024691,-5.982758621,6.982758621,6.783783784,6.70E-06,6.70E-06,-0.026413349,"('-1', 'ttm')",,2021-ttm,0,,,47.38041803,"-1,ttm",,0.016262239,,,,,,,,,,,
302,302,302,1353499,9/29/2021,37,1353499_0.csv,1044,12.33333333,148,0.141762452,#NAME?,inf,inf,1.02E-06,1.02E-06,0,"('Q3', '2021')",https://www.sec.gov/Archives/edgar/data/1353499/000147793221008688/Financial_Report.xlsx,2021-09,0,0,0,49.8242868,"Q3,2021",0,,,18.147,13406,738.7446961,13388,1072708,13388,13388,-13387.853,-0.99998902,1.99998902
303,303,303,1353499,6/29/2021,0,1353499_0.csv,0,0,0,,1,0,-1,0,0,,"('Q2', '2021')",https://www.sec.gov/Archives/edgar/data/1353499/000147793221005928/Financial_Report.xlsx,2021-06,0,0,0,46.62212019,"Q2,2021",,,,4.074,13051,3203.485518,13047,1063603,13047,13047,-13046.926,-0.999994328,1.999994328
304,304,304,1353499,3/30/2021,251,1353499_0.csv,7083,83.66666667,1004,0.141747847,#NAME?,inf,inf,6.90E-06,6.90E-06,0,"('Q1', '2021')",https://www.sec.gov/Archives/edgar/data/1353499/000147793221003454/Financial_Report.xlsx,2021-03,0,0,0,44.23228865,"Q1,2021",0,,,250.275,12780,51.06382979,12530,1052584,12530,12530,-12529.725,-0.999978053,1.999978053
305,305,305,1353499,12/30/2020,0,1353499_0.csv,0,0,0,,,,,0,0,,"('Q4', '2020')",https://www.sec.gov/Archives/edgar/data/1353499/000134467621000004/Financial_Report.xlsx,2020-12,0,,,65.67051488,"Q4,2020",,NaN,,0,12653,inf,12653,1040833,12653,12653,-12653,-1,2
306,306,306,1362190,ttm,24503,1362190_0.csv,32000,8167.666667,98012,3.062875,0.056409047,0.943590953,2.774337646,0.000570169,2.94E-05,54.29758488,"('-1', 'ttm')",,2021-ttm,14621,,,64.8313953,"-1,ttm",,2.297150941,,,,,,,,,,,
307,307,307,1362190,12/30/2021,6492,1362190_0.csv,33913,2164,25968,0.765724059,-0.046762146,1.046762146,0.04675911,0.000178463,3.30E-05,-16.37487,"('Q4', '2021')",,2021-12,3983,2.629042904,0.036787448,71.465759,"Q4,2021",0.576512352,-2.22E-06,-6.228452938,29313,11716,0.399686146,17597,1019122,17597,17597,17597,1,0
308,308,308,1362190,9/29/2021,6202,1362190_0.csv,32398,2067.333333,24808,0.765726279,-0.030077579,1.030077579,0.030061452,0.000170491,3.16E-05,-25.4583752,"('Q3', '2021')",https://www.sec.gov/Archives/edgar/data/1362190/000141057821000108/Financial_Report.xlsx,2021-09,4504,4.761099366,0.065867223,72.28328641,"Q3,2021",1.032231361,-1.20E-05,-5.347163175,30364,9831,0.323771572,20533,642334,20533,20533,20533,1,0
309,309,309,1362190,6/29/2021,6021,1362190_0.csv,31452,2007,24084,0.765738268,-0.040251364,1.040251364,0.040255701,0.000165516,3.06E-05,-19.0239084,"('Q2', '2021')",https://www.sec.gov/Archives/edgar/data/1362190/000110465921103588/Financial_Report.xlsx,2021-06,3380,2.777321282,0.038654584,71.84972595,"Q2,2021",0.605761825,3.19E-06,-6.849732701,33019,9865,0.298767376,23154,650718,23154,23154,23154,1,0
310,310,310,1362190,3/30/2021,5788,1362190_0.csv,30235,1929.333333,23152,0.765735075,-0.035409746,1.035409746,0.035420394,0.00015911,2.95E-05,-21.62498059,"('Q1', '2021')",https://www.sec.gov/Archives/edgar/data/1362190/000110465921066057/Financial_Report.xlsx,2021-03,2754,2.66344294,0.037168423,71.65875628,"Q1,2021",0.582474391,7.87E-06,-8.119182982,33990,11031,0.324536628,22959,670703,22958,23823,22959,0.963732527,0.036267473
311,311,311,1362190,12/30/2020,5590,1362190_0.csv,29201,1863.333333,22360,0.765727201,,,,0.000185274,2.99E-05,,"('Q4', '2020')",https://www.sec.gov/Archives/edgar/data/1362190/000110465921035092/Financial_Report.xlsx,2020-12,2921,,,69.89394441,"Q4,2020",,NaN,,18254,10620,0.581790293,7634,689277,7633,8717,7634,0.875760009,0.124239991
312,312,312,1366561,ttm,503317,1366561_0.csv,4000000,167772.3333,2013268,0.503317,0.129979913,0.870020087,2.480079929,0.011711856,0.003675572,3.872267543,"('-1', 'ttm')",,2021-ttm,294135,,,70.54139247,"-1,ttm",,0.377487735,,,,,,,,,,,
313,313,313,1366561,10/30/2021,144628,1366561_0.csv,4597595,48209.33333,578512,0.125829265,-0.097862347,1.097862347,0.097862391,0.003975782,0.004478468,-1.285778128,"('Q3', '2021')",https://www.sec.gov/Archives/edgar/data/1366561/000136656121000139/Financial_Report.xlsx,2021-09,83114,0.202803636,0.002632028,77.05223881,"Q3,2021",0.251009443,5.12E-09,-6.340015177,936106,424353,0.453317253,511753,648155,511753,511753,511753,1,0
314,314,314,1366561,7/30/2021,131736,1366561_0.csv,4187770,43912,526944,0.12582926,-0.125160266,1.125160266,0.125160144,0.003621384,0.004079262,-1.005345097,"('Q2', '2021')",https://www.sec.gov/Archives/edgar/data/1366561/000136656121000116/Financial_Report.xlsx,2021-06,77120,0.165551114,0.002154835,76.82775713,"Q2,2021",0.205500819,-1.36E-08,-6.072717184,920733,409585,0.44484666,511148,2214000,511148,511148,511148,1,0
315,315,315,1366561,4/29/2021,117082,1366561_0.csv,3721932,39027.33333,468328,0.125829274,-0.065631441,1.065631441,0.065631513,0.00321855,0.003625494,-1.91721028,"('Q1', '2021')",https://www.sec.gov/Archives/edgar/data/1366561/000136656121000069/Financial_Report.xlsx,2021-03,71379,0.311384586,0.004051751,76.85185185,"Q1,2021",0.386404637,8.53E-09,-6.157049409,903476,379966,0.420560148,523510,2227000,523510,523510,523510,1,0
316,316,316,1366561,1/30/2021,109871,1366561_0.csv,3492701,36623.66667,439484,0.125829265,,,,0.003020322,0.003402202,,"('Q4', '2020')",https://www.sec.gov/Archives/edgar/data/1366561/000136656121000036/Financial_Report.xlsx,2020-12,62522,,,76.65010646,"Q4,2020",,NaN,,911789,384860,0.422093269,526929,2089000,526929,526929,526929,1,0
317,317,317,1370880,ttm,483455,1370880_0.csv,5600,161151.6667,1933820,345.325,0.090466136,0.909533864,2.63809101,0.01124968,5.15E-06,3817.174192,"('-1', 'ttm')",,2021-ttm,260213,,,78.01470588,"-1,ttm",,258.9926953,,,,,,,,,,,
318,318,318,1370880,12/30/2021,132887,1370880_0.csv,6157,44295.66667,531548,86.33230469,-0.089541674,1.089541674,0.089505616,0.003653025,6.00E-06,-964.1578139,"('Q4', '2021')",,2021-12,72513,143.3063241,1.844886733,77.67757312,"Q4,2021",0.256435188,-0.002857224,-6.727950213,3651187,1700543,0.465750727,1950644,2108000,1531240,2506884,1950644,0.778114983,0.221885017
319,319,319,1370880,9/29/2021,121970,1370880_0.csv,5651,40656.66667,487880,86.33516192,-0.070873602,1.070873602,0.070757616,0.00335292,5.50E-06,-1218.156817,"('Q3', '2021')",https://www.sec.gov/Archives/edgar/data/1370880/000137088021000045/Financial_Report.xlsx,2021-09,65899,176.2005348,2.630400554,66.98619893,"Q3,2021",0.365607777,-0.00935201,-6.913468329,3181619,2172605,0.682861461,1009014,2135168,594276,1558747,1009014,0.64732378,0.35267622
320,320,320,1370880,6/29/2021,113910,1370880_0.csv,5277,37970,455640,86.34451393,0.537673033,0.462326967,-0.537605339,0.003131353,5.14E-06,160.5892589,"('Q2', '2021')",https://www.sec.gov/Archives/edgar/data/1370880/000137088021000033/Financial_Report.xlsx,2021-06,63018,-10.26853511,-0.146410318,70.13532431,"Q2,2021",-0.020347834,0.01264079,-15.63896477,3141933,2086330,0.664027527,1055603,2176,645479,1598909,1055603,0.66020205,0.33979795
321,321,321,1370880,3/30/2021,246348,1370880_0.csv,11414,82116,985392,86.33187314,0.004621959,0.995378041,-0.004662589,0.006772035,1.11E-05,18678.63376,"('Q1', '2021')",https://www.sec.gov/Archives/edgar/data/1370880/000137088021000020/Financial_Report.xlsx,2021-03,99601,-1879.264151,-27.6731255,67.90935673,"Q1,2021",-3.846522656,-0.003524089,-9.939333835,3184944,2064251,0.648127879,1120693,2410,715131,2092973,1120693,0.535455068,0.464544932
322,322,322,1370880,12/30/2020,247502,1370880_0.csv,11467,82500.66667,990008,86.33539723,,,,0.008203172,1.17E-05,,"('Q4', '2020')",https://www.sec.gov/Archives/edgar/data/1370880/000137088021000010/Financial_Report.xlsx,2020-12,96796,,,65.3701016,"Q4,2020",,NaN,,3245882,2111928,0.650648422,1133954,2575,732904,2094850,1133954,0.541305583,0.458694417
323,323,323,1372612,ttm,874332,1372612_0.csv,22134353,291444,3497328,0.158004528,-2.746692962,3.746692962,2.746692892,0.020345131,0.020339102,-0.05752537,"('-1', 'ttm')",,2021-ttm,298635,,,62.90883786,"-1,ttm",,-2.96E-09,,,,,,,,,,,
324,324,324,1372612,1/30/2022,233361,1372612_0.csv,5907704,77787,933444,0.158004531,0.065640465,0.934359535,0.041585581,0.005430157,0.005428548,2.407120854,"('Q4', '2021')",,2021-12,79668,-0.191958595,-0.002897257,66.25528914,"Q4,2021",-0.22003852,0.016265779,-12.53979197,1392009,1299216,0.933338793,92793,2704,395087,460256,92793,0.201611712,0.798388288
325,325,325,1372612,10/30/2021,224044,1372612_0.csv,6322731,74681.33333,896176,0.141738752,-0.044562403,1.044562403,0.044562349,0.006158904,0.006158904,-3.180680206,"('Q3', '2021')",https://www.sec.gov/Archives/edgar/data/1372612/000095017021005036/Financial_Report.xlsx,2021-09,76368,0.283121274,,,"Q3,2021",,-7.26E-09,-11.23433841,1405077,1185061,0.843413564,220016,593,273150,587009,220016,0.374808563,0.625191437
326,326,326,1372612,7/30/2021,214486,1372612_0.csv,6052995,71495.33333,857944,0.141738759,-0.059498792,1.059498792,0.059498817,0.005896158,0.005896157,-2.382212394,"('Q2', '2021')",https://www.sec.gov/Archives/edgar/data/1372612/000156459021047099/Financial_Report.xlsx,2021-06,72788,0.214132107,0.003769119,56.81225001,"Q2,2021",0.319104127,3.37E-09,-11.12496592,1525612,1678599,1.100279101,152987,1659828,152987,213543,-152987,-0.716422454,1.716422454
327,327,327,1372612,4/29/2021,202441,1372612_0.csv,5713074,67480.33333,809764,0.141738756,-0.017736496,1.017736496,0.017736397,0.005565044,0.005565044,-7.991361562,"('Q1', '2021')",https://www.sec.gov/Archives/edgar/data/1372612/000156459021031777/Financial_Report.xlsx,2021-03,69811,0.701167089,0.011620969,60.33637182,"Q1,2021",0.983863755,-1.38E-08,-11.39722855,1310131,1185318,0.904732428,124813,1625501,124813,490874,124813,0.254266879,0.745733121
328,328,328,1372612,1/30/2021,198913,1372612_0.csv,5613510,66304.33333,795652,0.14173877,,,,0.00546806,0.00546806,,"('Q4', '2020')",https://www.sec.gov/Archives/edgar/data/1372612/000156459021014377/Financial_Report.xlsx,2020-12,68123,,,58.22749386,"Q4,2020",,NaN,,1351682,1200617,0.888239246,151065,1600337,151065,448679,151065,0.336688367,0.663311633
329,329,329,1373715,ttm,5896000,1373715_0.csv,1093,1965333.333,23584000,21577.31016,0.086120401,0.913879599,2.653035936,0.137196044,1.00E-06,250548.1839,"('-1', 'ttm')",,2021-ttm,2292000,,,55.80375573,"-1,ttm",,16179.31684,,,,,,,,,,,
330,330,330,1373715,12/30/2021,1614000,1373715_0.csv,1196,538000,6456000,5397.993311,-0.06690455,1.06690455,0.067460317,0.04436839,1.17E-06,-80682.00669,"('Q4', '2021')",,2021-12,632000,8426.666667,161.3099516,52.23897585,"Q4,2021",0.358599818,2.810438601,-9.574605224,10798000,7103000,0.657807001,3695000,1572492,3695000,5179000,3695000,0.713458197,0.286541803
331,331,331,1373715,9/29/2021,1512000,1373715_0.csv,1121,504000,6048000,5395.182872,-0.073754789,1.073754789,0.07310149,0.041564439,1.09E-06,-73150.27167,"('Q3', '2021')",https://www.sec.gov/Archives/edgar/data/1373715/000137371521000292/Financial_Report.xlsx,2021-09,579000,7519.480519,146.5629712,51.30545908,"Q3,2021",0.325986291,-3.284560515,-9.72810176,9478000,5944000,0.627136527,3534000,1549660,3534000,5018000,3534000,0.704264647,0.295735353
332,332,332,1373715,6/29/2021,1409000,1373715_0.csv,1044,469666.6667,5636000,5398.467433,-0.035714286,1.035714286,0.036029412,0.038732999,1.02E-06,-151157.0881,"('Q2', '2021')",https://www.sec.gov/Archives/edgar/data/1373715/000137371521000202/Financial_Report.xlsx,2021-06,557000,15472.22222,327.5523768,47.23587224,"Q2,2021",0.728100812,1.642036125,-9.769578406,9187000,5912000,0.643518015,3275000,5326,3275000,4758000,3275000,0.688314418,0.311685582
333,333,333,1373715,3/30/2021,1360000,1373715_0.csv,1008,453333.3333,5440000,5396.825397,-0.087378641,1.087378641,0.087712844,0.037386004,9.82E-07,-61763.66843,"('Q1', '2021')",https://www.sec.gov/Archives/edgar/data/1373715/000137371521000114/Financial_Report.xlsx,2021-03,524000,6469.135802,147.6393274,43.81715845,"Q1,2021",0.328280387,1.658190784,-9.547437296,8822000,5785000,0.655746996,3037000,6542,3037000,4648000,3037000,0.653399312,0.346600688
334,334,334,1373715,12/30/2020,1250330,1373715_0.csv,927,416776.6667,5001320,5395.167206,,,,0.041440764,9.49E-07,,"('Q4', '2020')",https://www.sec.gov/Archives/edgar/data/1373715/000137371521000061/Financial_Report.xlsx,2020-12,533853,,,48.41592201,"Q4,2020",,NaN,,8715057,5880576,0.674760475,2834481,8090,2834481,4474634,2834481,0.633455384,0.366544616
335,335,335,1378590,ttm,14709,1378590_0.csv,372369,4903,58836,0.15800456,-2.078600129,3.078600129,2.431871209,0.000342269,0.000342167,-0.07601489,"('-1', 'ttm')",,2021-ttm,3513,,,47.89957335,"-1,ttm",,0.016264725,,,,,,,,,,,
336,336,336,1378590,12/30/2021,4286,1378590_0.csv,120954,1428.666667,17144,0.141739835,-0.044345439,1.044345439,0.044346979,0.000117821,0.00011782,-3.196266396,"('Q4', '2021')",,2021-12,1231,0.239680685,0.004929592,48.62079899,"Q4,2021",0.417349858,2.09E-07,-13.33551926,32158,12605,0.391970894,19553,9617,19553,20686,19553,0.945228657,0.054771343
337,337,337,1378590,9/29/2021,4104,1378590_0.csv,115818,1368,16416,0.141739626,-0.191285833,1.191285833,0.191291727,0.000112818,0.000112817,-0.740983394,"('Q3', '2021')",,2021-09,997,0.053610797,0.001092401,49.07611693,"Q3,2021",0.092485157,7.01E-07,-13.82153277,34967,17390,0.49732605,17577,11949,17577,18774,17577,0.936241611,0.063758389
338,338,338,1378590,6/29/2021,3445,1378590_0.csv,97221,1148.333333,13780,0.141738925,-0.198690602,1.198690602,0.198677801,9.47E-05,9.47E-05,-0.713365016,"('Q2', '2021')",https://www.sec.gov/Archives/edgar/data/1378590/000143774921028984/Financial_Report.xlsx,2021-06,760,0.04716103,0.000712703,66.17210682,"Q2,2021",0.060339323,-1.51E-06,-15.12615425,32063,23729,0.740074229,8334,1619,8334,9622,8334,0.866140096,0.133859904
339,339,339,1378590,3/30/2021,2874,1378590_0.csv,81106,958,11496,0.141740438,0.116819479,0.883180521,0.013399154,7.90E-05,7.90E-05,1.213328805,"('Q1', '2021')",https://www.sec.gov/Archives/edgar/data/1378590/000143774921012548/Financial_Report.xlsx,2021-03,524,-0.048844146,-0.000738342,66.15384615,"Q1,2021",-0.062509338,0.018213205,-24.84082333,17929,12540,0.699425512,5389,1516,5389,6850,5389,0.786715328,0.213284672
340,340,340,1378590,12/30/2020,2836,1378590_0.csv,91834,945.3333333,11344,0.123527234,,,,9.40E-05,9.40E-05,,"('Q4', '2020')",https://www.sec.gov/Archives/edgar/data/1378590/000143774921002639/Financial_Report.xlsx,2020-12,444,,,66.15384615,"Q4,2020",,NaN,,11603,8348,0.719469103,3255,1224,3255,3255,3255,1,0
341,341,341,1384365,ttm,0,1384365_0.csv,0,0,0,,,,,0,0,,"('-1', 'ttm')",,ttm'-ttm,0,,,73.07692308,"-1,ttm",,NaN,,,,,,,,,,,
342,342,342,1385867,ttm,725289,1385867_0.csv,2000,241763,2901156,1450.578,0.061913696,0.938086304,2.752180571,0.016876998,1.84E-06,23429.03255,"('-1', 'ttm')",,2021-ttm,327786,,,53.33333333,"-1,ttm",,1087.917587,,,,,,,,,,,
343,343,343,1385867,1/30/2022,193298,1385867_0.csv,2132,64432.66667,773192,362.6604128,-0.040507565,1.040507565,0.040265639,0.004497917,1.96E-06,-8952.905852,"('Q4', '2021')",,2021-12,89885,1082.951807,18.58585047,58.26754116,"Q4,2021",0.614983598,-0.08434078,-8.267132288,3193179,2287517,0.716376063,905662,1213,893578,2507835,905662,0.361133009,0.638866991
344,344,344,1385867,10/30/2021,185816,1385867_0.csv,2049,61938.66667,743264,362.7447535,-0.036418816,1.036418816,0.036653538,0.005108028,2.00E-06,-9960.366358,"('Q3', '2021')",https://www.sec.gov/Archives/edgar/data/1385867/000138586721000031/Financial_Report.xlsx,2021-09,83779,1163.597222,19.3872198,60.01877703,"Q3,2021",0.641350799,0.082133407,-8.559977772,3103853,2172006,0.699777341,931847,334778,931847,1884132,931847,0.494576282,0.505423718
345,345,345,1385867,7/30/2021,179246,1385867_0.csv,1977,59748.66667,716984,362.6626201,-0.073872895,1.073872895,0.073785861,0.00492742,1.93E-06,-4909.278556,"('Q2', '2021')",https://www.sec.gov/Archives/edgar/data/1385867/000138586721000025/Financial_Report.xlsx,2021-06,76279,560.875,9.599005195,58.43053406,"Q2,2021",0.317617686,-0.029395078,-8.752892456,3091845,2133179,0.689937238,958666,333200,958666,1892105,958666,0.506666385,0.493333615
346,346,346,1385867,4/29/2021,166929,1385867_0.csv,1841,55643,667716,362.6920152,-0.021075984,1.021075984,0.020697794,0.00458883,1.79E-06,-17208.78167,"('Q1', '2021')",https://www.sec.gov/Archives/edgar/data/1385867/000138586721000019/Financial_Report.xlsx,2021-03,77843,2048.5,35.5108616,57.68657554,"Q1,2021",1.174909624,-0.134385235,-8.400674478,3071857,2071771,0.674436017,1000086,334582,1000086,1915080,1000086,0.522216304,0.477783696
347,347,347,1385867,1/30/2021,163544,1385867_0.csv,1803,54514.66667,654176,362.8264004,,,,0.004495777,1.76E-06,,"('Q4', '2020')",https://www.sec.gov/Archives/edgar/data/1385867/000138586721000011/Financial_Report.xlsx,2020-12,86481,,,56.83795497,"Q4,2020",,NaN,,3105165,2064565,0.664880932,1040600,335595,1040600,1938125,1040600,0.536910674,0.463089326
348,348,348,1389002,ttm,24420,1389002_0.csv,618210,8140,97680,0.158004562,-2.736333472,3.736333472,3.165103189,0.000568237,0.000568069,-0.057743167,"('-1', 'ttm')",,2021-ttm,5482,,,58.39659535,"-1,ttm",,0.01626552,,,,,,,,,,,
349,349,349,1389002,12/30/2021,5863,1389002_0.csv,165459,1954.333333,23452,0.141739041,0.047438385,0.952561615,-0.047441105,0.000161172,0.000161172,2.987855546,"('Q4', '2021')",,2021-12,1702,-0.206553398,-0.002837834,72.78559221,"Q4,2021",-0.240258455,-4.05E-07,-14.46529359,59831,13573,0.226855643,46258,268064,46258,47352,46258,0.976896435,0.023103565
350,350,350,1389002,9/29/2021,6155,1389002_0.csv,173699,2051.666667,24620,0.141739446,-0.010007094,1.010007094,0.010009846,0.000169199,0.000169198,-14.16389681,"('Q3', '2021')",https://www.sec.gov/Archives/edgar/data/1389002/000095017021003102/Financial_Report.xlsx,2021-09,1266,0.735618826,0.010215212,72.01209477,"Q3,2021",0.864844259,3.86E-07,-19.25439685,65034,14310,0.220038749,50724,54588,50724,51818,50724,0.978887645,0.021112355
351,351,351,1389002,6/29/2021,6094,1389002_0.csv,171978,2031.333333,24376,0.14173906,0.033923726,0.966076274,-0.033925174,0.000167522,0.000167522,4.178168932,"('Q2', '2021')",https://www.sec.gov/Archives/edgar/data/1389002/000156459021039804/Financial_Report.xlsx,2021-06,1268,-0.209968538,-0.002884698,72.78701815,"Q2,2021",-0.244226055,-2.12E-07,-19.8990238,30275,15598,0.51521057,14677,56040,14677,16143,14677,0.909186644,0.090813356
352,352,352,1389002,3/30/2021,6308,1389002_0.csv,178017,2102.666667,25232,0.141739272,0.24193569,0.75806431,-0.130170987,0.000173405,0.000173404,0.585855159,"('Q1', '2021')",https://www.sec.gov/Archives/edgar/data/1389002/000156459021025024/Financial_Report.xlsx,2021-03,1246,-0.021931214,-0.000299605,73.20048113,"Q1,2021",-0.025365287,0.01821214,-26.71330257,33718,16888,0.500860075,16830,58735,16830,18110,16830,0.929320817,0.070679183
353,353,353,1389002,12/30/2020,7252,1389002_0.csv,234831,2417.333333,29008,0.123527132,,,,0.000240359,0.000240359,,"('Q4', '2020')",https://www.sec.gov/Archives/edgar/data/1389002/000156459021009094/Financial_Report.xlsx,2020-12,1275,,,73.21419922,"Q4,2020",,NaN,,37009,21194,0.572671512,15815,59952,15815,17281,15815,0.915166946,0.084833054
354,354,354,1389067,ttm,0.337,1389067_0.csv,8,0.112333333,1.348,0.1685,-1.666666667,2.666666667,1.592307692,7.84E-09,7.35E-09,-0.1011,"('-1', 'ttm')",,2021-ttm,0,,,71.30589952,"-1,ttm",,-0.004833333,,,,,,,,,,,
355,355,355,1389067,9/29/2021,0.13,1389067_0.csv,3,0.043333333,0.52,0.173333333,0,1,0,3.57E-09,2.92E-09,inf,"('Q3', '2021')",https://www.sec.gov/Archives/edgar/data/1389067/000147793221008474/Financial_Report.xlsx,2021-09,0,,,21.3407378,"Q3,2021",,0,,361.006,4937,13.67567298,4576,63118,4577,4565,-4575.994,-1.002408324,2.002408324
356,356,356,1389067,6/29/2021,0.13,1389067_0.csv,3,0.043333333,0.52,0.173333333,0,1,0,3.57E-09,2.92E-09,inf,"('Q2', '2021')",https://www.sec.gov/Archives/edgar/data/1389067/000147793221005412/Financial_Report.xlsx,2021-06,0,,,66.73074867,"Q2,2021",,0,,153.542,6601,42.99149418,6447,744,6448,6281,-6447.458,-1.026501831,2.026501831
357,357,357,1389067,3/30/2021,0.13,1389067_0.csv,3,0.043333333,0.52,0.173333333,-0.5,1.5,0.733333333,3.57E-09,2.92E-09,-0.346666667,"('Q1', '2021')",https://www.sec.gov/Archives/edgar/data/1389067/000147793221003177/Financial_Report.xlsx,2021-03,0,0,0,47.69946545,"Q1,2021",0,0.023333333,#NAME?,128.02,5930,46.32088736,5802,683.351,5804,5787,-5801.98,-1.002588561,2.002588561
358,358,358,1389067,12/30/2020,0.075,1389067_0.csv,2,0.025,0.3,0.15,,,,2.49E-09,2.05E-09,,"('Q4', '2020')",https://www.sec.gov/Archives/edgar/data/1389067/000147793221001762/Financial_Report.xlsx,2020-12,0,,,48.77144182,"Q4,2020",,NaN,,154.353,3992,25.86279502,3838,6217100,3839,3828,-3837.647,-1.002520115,2.002520115
359,359,359,1392972,ttm,251423,1392972_0.csv,1999,83807.66667,1005692,503.0975488,0.032429816,0.967570184,2.869653548,0.005850448,1.84E-06,15513.42591,"('-1', 'ttm')",,2021-ttm,86445,,,49.35147105,"-1,ttm",,377.3027763,,,,,,,,,,,
360,360,360,1392972,12/30/2021,64973,1392972_0.csv,2066,21657.66667,259892,125.7947725,-0.036628199,1.036628199,0.036731503,0.001786089,2.01E-06,-3434.369611,"('Q4', '2021')",,2021-12,22666,310.4931507,6.569930701,47.25972994,"Q4,2021",0.626728495,0.012534675,-11.06101569,494483,490899,0.992752026,3584,6424300,3584,291871,3584,0.012279397,0.987720603
361,361,361,1392972,9/29/2021,62671,1392972_0.csv,1993,20890.33333,250684,125.7822378,-0.00453629,1.00453629,0.004326854,0.001722808,1.94E-06,-27727.99554,"('Q3', '2021')",https://www.sec.gov/Archives/edgar/data/1392972/000139297221000099/Financial_Report.xlsx,2021-09,21025,2336.111111,51.53567241,45.32998216,"Q3,2021",4.916656593,-0.02622991,-11.86929655,501020,483086,0.964205022,17934,6567500,17934,305848,17934,0.05863697,0.94136303
362,362,362,1392972,6/29/2021,62401,1392972_0.csv,1984,20800.33333,249604,125.8084677,-0.016393443,1.016393443,0.01666721,0.001715385,1.93E-06,-7674.316532,"('Q2', '2021')",https://www.sec.gov/Archives/edgar/data/1392972/000139297221000089/Financial_Report.xlsx,2021-06,21190,662.1875,14.47287391,45.75369786,"Q2,2021",1.380467389,0.033877578,-11.58934068,511503,485775,0.949701175,25728,6828100,25728,313270,25728,0.082127238,0.917872762
363,363,363,1392972,3/30/2021,61378,1392972_0.csv,1952,20459.33333,245512,125.7745902,-0.00878553,1.00878553,0.008544481,0.001687263,1.90E-06,-14316.10776,"('Q1', '2021')",https://www.sec.gov/Archives/edgar/data/1392972/000139297221000059/Financial_Report.xlsx,2021-03,21564,1268.470588,15.83648334,80.09799655,"Q1,2021",1.51093953,-0.030060999,-11.28611723,535088,500059,0.934536002,35029,6766000,35029,322198,35029,0.108718862,0.891281138
364,364,364,1392972,12/30/2020,60858,1392972_0.csv,1935,20286,243432,125.8046512,,,,0.002017069,1.98E-06,,"('Q4', '2020')",https://www.sec.gov/Archives/edgar/data/1392972/000139297221000039/Financial_Report.xlsx,2020-12,19300,,,80.60188081,"Q4,2020",,NaN,,539971,422934,0.783253175,117037,712968,117037,335065,117037,0.349296405,0.650703595
365,365,365,1393052,ttm,1850777,1393052_0.csv,1000,616925.6667,7403108,7403.108,0.046711153,0.953288847,2.812112898,0.043066364,9.19E-07,158486.9447,"('-1', 'ttm')",,2021-ttm,288061,,,79.47906072,"-1,ttm",,5551.824873,,,,,,,,,,,
366,366,366,1393052,1/30/2022,485499,1393052_0.csv,1049,161833,1941996,1851.283127,-0.020428016,1.020428016,0.019718091,0.011297243,9.64E-07,-90624.71687,"('Q4', '2021')",,2021-12,79239,3773.285714,47.30294019,79.76852388,"Q4,2021",0.306617218,-1.288857648,-24.01745421,3816465,904828,0.237085366,2911637,714816,2911637,2911637,2911637,1,0
367,367,367,1393052,10/30/2021,476111,1393052_0.csv,1028,158703.6667,1904444,1852.571984,-0.044715447,1.044715447,0.045033517,0.013088153,1.00E-06,-41430.2462,"('Q3', '2021')",https://www.sec.gov/Archives/edgar/data/1393052/000139305221000040/Financial_Report.xlsx,2021-09,72423,1645.977273,20.43499765,80.54697635,"Q3,2021",0.132367311,0.563854354,-25.17060647,3367486,598125,0.177617665,2769361,729731,2769361,2769361,2769361,1,0
368,368,368,1393052,7/30/2021,455594,1393052_0.csv,984,151864.6667,1822376,1852.00813,-0.050160085,1.050160085,0.050789602,0.012524146,9.59E-07,-36921.94932,"('Q2', '2021')",https://www.sec.gov/Archives/edgar/data/1393052/000139305221000034/Financial_Report.xlsx,2021-06,71789,1527.425532,18.80209585,81.23698252,"Q2,2021",0.1218273,1.109517488,-24.17266737,3351383,731286,0.218204246,2620097,740663,2620097,2620097,2620097,1,0
369,369,369,1393052,4/29/2021,433573,1393052_0.csv,937,144524.3333,1734292,1850.898613,-0.093348891,1.093348891,0.092781297,0.011918795,9.13E-07,-19827.75139,"('Q1', '2021')",https://www.sec.gov/Archives/edgar/data/1393052/000139305221000028/Financial_Report.xlsx,2021-03,64610,807.625,17.89849312,45.12251363,"Q1,2021",0.116041968,-0.961364069,-24.55069047,3222149,777165,0.241194619,2444984,788620,2444984,2444984,2444984,1,0
370,370,370,1393052,1/30/2021,396761,1393052_0.csv,857,132253.6667,1587044,1851.859977,,,,0.010906844,8.35E-07,,"('Q4', '2020')",https://www.sec.gov/Archives/edgar/data/1393052/000139305221000015/Financial_Report.xlsx,2020-12,62105,,,45.10087876,"Q4,2020",,NaN,,3046067,779747,0.255984849,2266320,621973,2266320,2266320,2266320,1,0
371,371,371,1393548,ttm,0,1393548_0.csv,2,0,0,0,#NAME?,inf,,0,1.84E-09,0,"('-1', 'ttm')",,2021-ttm,0,,,44.98327231,"-1,ttm",,,,,,,,,,,,,
372,372,372,1393548,12/30/2021,0,1393548_0.csv,0,0,0,,,,,0,0,,"('Q4', '2021')",,2021-12,0,,,44.78324553,"Q4,2021",,,,1121,925,0.825156111,196,617061,146,196,196,1,0
373,373,373,1393548,12/30/2020,0,1393548_0.csv,0,0,0,,,,,0,0,,"('Q4', '2020')",,2020-12,0,,,45.65825609,"Q4,2020",,NaN,,,,,,,,,,,
374,374,374,1397183,ttm,2521,1397183_0.csv,63820,840.3333333,10084,0.158006894,-4.496511928,5.496511928,5.127081652,5.87E-05,5.86E-05,-0.035139881,"('-1', 'ttm')",,2021-ttm,0,,,40.8401079,"-1,ttm",,0.016261308,,,,,,,,,,,
375,375,375,1397183,9/29/2021,411.452,1397183_0.csv,11611,137.1506667,1645.808,0.141745586,,,,1.13E-05,1.13E-05,,"('Q3', '2021')",https://www.sec.gov/Archives/edgar/data/1397183/000149315221028289/Financial_Report.xlsx,2021-09,0,,,54.4682297,"Q3,2021",,NaN,,2642,4337,1.641559425,1694,612017,1694,1626,-1695,-1.042435424,2.042435424
376,376,376,1402436,ttm,5051000,1402436_0.csv,18000,1683666.667,20204000,1122.444444,0.024284475,0.975715525,2.902797095,0.11753345,1.65E-05,46220.65873,"('-1', 'ttm')",,2021-ttm,394100,,,51.75315568,"-1,ttm",,841.8286595,,,,,,,,,,,
377,377,377,1402436,12/30/2021,1294200,1402436_0.csv,18448,431400,5176800,280.6157849,-0.02358098,1.02358098,0.023568491,0.035577181,1.80E-05,-11900.0901,"('Q4', '2021')",,2021-12,108000,254.1176471,4.653720765,54.60526316,"Q4,2021",0.199007512,-0.00342388,-46.82905825,17333000,11109800,0.640962326,6223200,606183,6165400,12066900,6223200,0.515724834,0.484275166
378,378,378,1402436,9/29/2021,1264400,1402436_0.csv,18023,421466.6667,5057600,280.6192088,-0.00429065,1.00429065,0.004289118,0.034757987,1.76E-05,-65402.49767,"('Q3', '2021')",https://www.sec.gov/Archives/edgar/data/1402436/000095017021003236/Financial_Report.xlsx,2021-09,96400,1251.948052,22.5166087,55.6010929,"Q3,2021",0.962868171,-0.000427899,-52.24058424,16934000,11018600,0.650679107,5915400,601051,5857900,11907300,5915400,0.496787685,0.503212315
379,379,379,1402436,6/29/2021,1259000,1402436_0.csv,17946,419666.6667,5036000,280.6196367,-0.020761049,1.020761049,0.020755635,0.034609543,1.75E-05,-13516.64064,"('Q2', '2021')",https://www.sec.gov/Archives/edgar/data/1402436/000156459021040815/Financial_Report.xlsx,2021-06,97700,267.6712329,4.794693443,55.82655827,"Q2,2021",0.205033126,-0.00148839,-50.49717331,17435100,11611400,0.6659784,5823700,2963000,5823700,12038600,5823700,0.483752264,0.516247736
380,380,380,1402436,3/30/2021,1233400,1402436_0.csv,17581,411133.3333,4933600,280.6211251,-0.024951903,1.024951903,0.024929367,0.033905807,1.71E-05,-11246.48168,"('Q1', '2021')",https://www.sec.gov/Archives/edgar/data/1402436/000156459021024110/Financial_Report.xlsx,2021-03,92000,214.953271,3.839189432,55.98923284,"Q1,2021",0.164172505,-0.006170439,-52.32058868,16689100,10954900,0.656410472,5734200,2964000,5734200,12072300,5734200,0.474988196,0.525011804
381,381,381,1402436,12/30/2020,1203400,1402436_0.csv,17153,401133.3333,4813600,280.6272955,,,,0.039885322,1.76E-05,,"('Q4', '2020')",https://www.sec.gov/Archives/edgar/data/1402436/000156459021008862/Financial_Report.xlsx,2020-12,95400,,,59.59312218,"Q4,2020",,NaN,,15923600,10207100,0.641004547,5716500,2971000,5716500,12105000,5716500,0.472242875,0.527757125
382,382,382,1404655,ttm,1300658,1404655_0.csv,135000,433552.6667,5202632,38.53801481,0.11952885,0.88047115,2.521869221,0.030265457,0.000124051,322.416009,"('-1', 'ttm')",,2021-ttm,649681,,,60.63820403,"-1,ttm",,28.90346904,,,,,,,,,,,
383,383,383,1404655,12/30/2021,369309,1404655_0.csv,153327,123103,1477236,9.634545775,-0.088776851,1.088776851,0.08878079,0.010152197,0.000149354,-108.5254286,"('Q4', '2021')",,2021-12,180845,14.46528555,0.241101603,59.9966379,"Q4,2021",0.300296381,3.49E-05,-7.50247399,2174854,1301055,0.598226364,873799,2972000,873799,1256900,873799,0.695201687,0.304798313
384,384,384,1404655,9/29/2021,339195,1404655_0.csv,140825,113065,1356780,9.634510918,-0.091404391,1.091404391,0.091403143,0.009324372,0.000137176,-105.4053399,"('Q3', '2021')",https://www.sec.gov/Archives/edgar/data/1404655/000095017021002844/Financial_Report.xlsx,2021-09,170016,14.41546549,0.246905706,58.38449709,"Q3,2021",0.307526609,-1.10E-05,-7.311962276,2065475,1233482,0.597190477,831993,3073000,831993,1210788,831993,0.687150021,0.312849979
385,385,385,1404655,6/29/2021,310788,1404655_0.csv,129031,103596,1243152,9.634521937,-0.104575611,1.104575611,0.104572353,0.008543472,0.000125688,-92.12972168,"('Q2', '2021')",https://www.sec.gov/Archives/edgar/data/1404655/000095017021000805/Financial_Report.xlsx,2021-06,157799,12.91740341,0.217955406,59.26626748,"Q2,2021",0.271468049,-2.84E-05,-7.132216808,2018612,1212928,0.600872283,805684,58755,805684,1179547,805684,0.683045271,0.316954729
386,386,386,1404655,3/30/2021,281365,1404655_0.csv,116815,93788.33333,1125460,9.634550357,-0.116244625,1.116244625,0.116239859,0.007734642,0.000113788,-82.88168474,"('Q1', '2021')",https://www.sec.gov/Archives/edgar/data/1404655/000156459021024171/Financial_Report.xlsx,2021-03,141017,11.5920263,0.194909763,59.47381033,"Q1,2021",0.2427635,-4.11E-05,-7.149887566,1969817,1195103,0.606707628,774714,62309,774714,1207340,774714,0.641670118,0.358329882
387,387,387,1404655,12/30/2020,252065,1404655_0.csv,104650,84021.66667,1008260,9.634591495,,,,0.008354407,0.000107114,,"('Q4', '2020')",https://www.sec.gov/Archives/edgar/data/1404655/000156459021006083/Financial_Report.xlsx,2020-12,127851,,,59.94546011,"Q4,2020",,NaN,,1973366,1210711,0.613525823,762655,65559,762655,1233754,762655,0.618158077,0.381841923
388,388,388,1410384,ttm,498720,1410384_0.csv,12625461,166240,1994880,0.158004528,-2.392038123,3.392038123,2.781304259,0.011604887,0.011601448,-0.066054352,"('-1', 'ttm')",,2021-ttm,85564,,,59.10355649,"-1,ttm",,0.016265766,,,,,,,,,,,
389,389,389,1410384,12/30/2021,131891,1410384_0.csv,3722087,43963.66667,527564,0.141738761,-0.040675131,1.040675131,0.040675104,0.003625645,0.003625645,-3.484654052,"('Q4', '2021')",,2021-12,22497,0.154640876,0.002595699,59.57582273,"Q4,2021",0.219759099,-3.70E-09,-22.53384837,1385045,814749,0.588247313,570296,69457,570296,1121894,570296,0.508333229,0.491666771
390,390,390,1410384,9/29/2021,126736,1410384_0.csv,3576608,42245.33333,506944,0.141738765,-0.025596263,1.025596263,0.025596206,0.003483936,0.003483935,-5.537478828,"('Q3', '2021')",https://www.sec.gov/Archives/edgar/data/1410384/000141038421000127/Financial_Report.xlsx,2021-09,22664,0.253901393,0.004021163,63.14128482,"Q3,2021",0.340442891,-7.85E-09,-21.80956462,1379647,797918,0.578349389,581729,69283,581729,1126432,581729,0.51643508,0.48356492
391,391,391,1410384,6/29/2021,123573,1410384_0.csv,3487345,41191,494292,0.141738773,-0.06053031,1.06053031,0.060530381,0.003396986,0.003396985,-2.341616499,"('Q2', '2021')",https://www.sec.gov/Archives/edgar/data/1410384/000141038421000106/Financial_Report.xlsx,2021-06,20587,0.103430432,0.001789193,57.80844135,"Q2,2021",0.151478033,9.49E-09,-22.63953132,1383599,786104,0.568158838,597495,55733,597495,1135390,597495,0.526246488,0.473753512
392,392,392,1410384,3/30/2021,116520,1410384_0.csv,3288303,38840,466080,0.141738763,0.068241085,0.931758915,0.069128145,0.003203101,0.003203101,2.077029754,"('Q1', '2021')",https://www.sec.gov/Archives/edgar/data/1410384/000141038421000071/Financial_Report.xlsx,2021-03,19816,-0.082281424,-0.001401417,58.71299978,"Q1,2021",-0.118647923,0.01821161,-25.24299706,1420500,787526,0.554400563,632974,56559,632974,1197482,632974,0.528587486,0.471412514
393,393,393,1410384,12/30/2020,108986,1410384_0.csv,3529135,36328.66667,435944,0.123527153,,,,0.003612217,0.003612216,,"('Q4', '2020')",https://www.sec.gov/Archives/edgar/data/1410384/000141038421000022/Financial_Report.xlsx,2020-12,17726,,,68.99951959,"Q4,2020",,NaN,,1416702,773338,0.545872032,643364,53936,643364,1200832,643364,0.535765203,0.464234797
394,394,394,1418100,ttm,2943000,1418100_0.csv,220000,981000,11772000,53.50909091,-0.031909455,1.031909455,3.127629734,0.068481675,0.000202156,-1676.903962,"('-1', 'ttm')",,2021-ttm,0,,,69.89049675,"-1,ttm",,40.13179198,,,,,,,,,,,
395,395,395,1418100,12/30/2021,713000,1418100_0.csv,213197,237666.6667,2852000,13.37729893,0.061843512,0.938156488,-0.061842105,0.019600162,0.000207673,216.3088487,"('Q4', '2021')",,2021-12,0,0,0,68.67053935,"Q4,2021",0,2.01E-05,#NAME?,5887000,5377000,0.913368439,510000,39598,380000,3330000,510000,0.153153153,0.846846847
396,396,396,1418100,9/29/2021,760000,1418100_0.csv,227251,253333.3333,3040000,13.37727887,-0.038254187,1.038254187,0.038251366,0.020892178,0.000221363,-349.6944995,"('Q3', '2021')",https://www.sec.gov/Archives/edgar/data/1418100/000141810021000095/Financial_Report.xlsx,2021-09,0,0,0,68.07233782,"Q3,2021",0,-3.63E-05,#NAME?,5985000,5463000,0.912781955,522000,40146,392000,3335000,522000,0.156521739,0.843478261
397,397,397,1418100,6/29/2021,732000,1418100_0.csv,218878,244000,2928000,13.37731522,0.008129713,0.991870287,-0.008130081,0.020122467,0.000213207,1645.484339,"('Q2', '2021')",https://www.sec.gov/Archives/edgar/data/1418100/000141810021000065/Financial_Report.xlsx,2021-06,0,0,0,69.24948303,"Q2,2021",0,-4.97E-06,#NAME?,6034000,5571000,0.923268147,463000,665703,333000,3269000,463000,0.141633527,0.858366473
398,398,398,1418100,3/30/2021,738000,1418100_0.csv,220672,246000,2952000,13.37732019,0.006729172,0.993270828,-0.006729475,0.020287405,0.000214954,1987.95926,"('Q1', '2021')",https://www.sec.gov/Archives/edgar/data/1418100/000141810021000045/Financial_Report.xlsx,2021-03,0,0,0,71.12607132,"Q1,2021",0,-4.08E-06,#NAME?,6110000,5684000,0.930278232,426000,656183,296000,3226000,426000,0.132052077,0.867947923
399,399,399,1418100,12/30/2020,743000,1418100_0.csv,222167,247666.6667,2972000,13.37732427,,,,0.024625889,0.000227397,,"('Q4', '2020')",https://www.sec.gov/Archives/edgar/data/1418100/000141810021000010/Financial_Report.xlsx,2020-12,0,,,23.77395258,"Q4,2020",,NaN,,6230000,5841000,0.937560193,389000,646533,260000,3282000,389000,0.118525289,0.881474711
400,400,400,1423774,ttm,346738,1423774_0.csv,950,115579.3333,1386952,1459.949474,0.043303122,0.956696878,2.823247916,0.008068365,8.73E-07,33714.64715,"('-1', 'ttm')",,2021-ttm,143366,,,42.51018745,"-1,ttm",,1094.624197,,,,,,,,,,,
401,401,401,1423774,1/30/2022,90692,1423774_0.csv,993,30230.66667,362768,365.3252769,-0.016376663,1.016376663,0.016384624,0.002110343,9.12E-07,-22307.67472,"('Q4', '2021')",,2021-12,38236,2389.75,50.58455923,47.24267714,"Q4,2021",1.661573258,0.002861381,-9.334731551,441252,270645,0.613356993,170607,638165,170607,170607,170607,1,0
402,402,402,1423774,10/30/2021,89230,1423774_0.csv,977,29743.33333,356920,365.3224156,-0.031678986,1.031678986,0.031715749,0.002452907,9.52E-07,-11532.01092,"('Q3', '2021')",https://www.sec.gov/Archives/edgar/data/1423774/000142377421000134/Financial_Report.xlsx,2021-09,37004,1233.466667,28.8900824,42.69515918,"Q3,2021",0.948972672,0.013017459,-9.349268391,429219,249496,0.581279021,179723,441514,179723,179723,179723,1,0
403,403,403,1423774,7/30/2021,86487,1423774_0.csv,947,28829,345948,365.3093981,-0.076136364,1.076136364,0.076659737,0.002377502,9.22E-07,-4798.093587,"('Q2', '2021')",https://www.sec.gov/Archives/edgar/data/1423774/000142377421000099/Financial_Report.xlsx,2021-06,36261,541.2089552,-11.57002219,-46.77682949,"Q2,2021",-0.380062125,0.177579917,-8.865510337,413625,236283,0.57124932,177342,2051,177342,177342,177342,1,0
404,404,404,1423774,4/29/2021,80329,1423774_0.csv,880,26776.33333,321316,365.1318182,-0.013824885,1.013824885,0.013142129,0.002208221,8.57E-07,-26411.20152,"('Q1', '2021')",https://www.sec.gov/Archives/edgar/data/1423774/000142377421000047/Financial_Report.xlsx,2021-03,31865,2655.416667,95.07967455,27.92833147,"Q1,2021",3.124778608,-0.246062003,-9.946160935,414127,242620,0.585858927,171507,1925,171507,172081,171507,0.996664362,0.003335638
405,405,405,1423774,1/30/2021,79287,1423774_0.csv,868,26429,317148,365.3778802,,,,0.002179577,8.46E-07,,"('Q4', '2020')",https://www.sec.gov/Archives/edgar/data/1423774/000142377421000020/Financial_Report.xlsx,2020-12,31752,,,71.81030117,"Q4,2020",,NaN,,421507,249594,0.59214675,171913,3327,171913,173579,171913,0.990402065,0.009597935
406,406,406,1433195,ttm,359370,1433195_0.csv,16844,119790,1437480,85.34077416,0.060201975,0.939798025,2.759100418,0.008362304,1.55E-05,1417.574324,"('-1', 'ttm')",,2021-ttm,73200,,,73.11883263,"-1,ttm",,64.00506028,,,,,,,,,,,
407,407,407,1433195,12/30/2021,95600,1433195_0.csv,17923,31866.66667,382400,21.33571389,0.00217125,0.99782875,-0.002181423,0.002628016,1.75E-05,9826.463919,"('Q4', '2021')",,2021-12,19945,-511.4102564,-7.170839276,71.31804755,"Q4,2021",-4.03314704,-0.000217524,-19.21444436,408017,110636,0.271155369,297381,3603,297381,297381,297381,1,0
408,408,408,1433195,9/29/2021,95809,1433195_0.csv,17962,31936.33333,383236,21.33593141,-0.076019889,1.076019889,0.076022013,0.002633761,1.75E-05,-280.6624925,"('Q3', '2021')",https://www.sec.gov/Archives/edgar/data/1433195/000143319521000106/Financial_Report.xlsx,2021-09,19362,15.25768322,0.221533211,68.87311895,"Q3,2021",0.124597257,4.21E-05,-18.39483024,407387,115688,0.283975679,291699,4045,291699,291699,291699,1,0
409,409,409,1433195,6/29/2021,89040,1433195_0.csv,16693,29680,356160,21.33588929,-0.128210327,1.128210327,0.128216824,0.002447684,1.63E-05,-166.4131882,"('Q2', '2021')",https://www.sec.gov/Archives/edgar/data/1433195/000143319521000080/Financial_Report.xlsx,2021-06,17714,9.33790195,0.127012105,73.51977942,"Q2,2021",0.07143575,0.000122872,-17.82126104,399072,111805,0.280162477,287267,56894,287267,287267,287267,1,0
410,410,410,1433195,3/30/2021,78921,1433195_0.csv,14796,26307,315684,21.33576642,-0.089623684,1.089623684,0.089587475,0.002169515,1.44E-05,-238.0594678,"('Q1', '2021')",https://www.sec.gov/Archives/edgar/data/1433195/000143319521000044/Financial_Report.xlsx,2021-03,16179,13.29416598,0.181806462,73.12262649,"Q1,2021",0.102254472,-0.000709017,-17.907063,378697,92913,0.245349184,285784,56198,285784,285784,285784,1,0
411,411,411,1433195,12/30/2020,72432,1433195_0.csv,13579,24144,289728,21.33647544,,,,0.002400676,1.39E-05,,"('Q4', '2020')",https://www.sec.gov/Archives/edgar/data/1433195/000143319521000024/Financial_Report.xlsx,2020-12,15328,,,70.30243241,"Q4,2020",,NaN,,389480,103560,0.265892986,285920,58039,285920,285920,285920,1,0
412,412,412,1437352,ttm,368433,1437352_0.csv,6100,122811,1473732,241.5954098,0.104126891,0.895873109,2.583002684,0.008573194,5.61E-06,2320.201898,"('-1', 'ttm')",,2021-ttm,161337,,,71.55733337,"-1,ttm",,181.1883016,,,,,,,,,,,
413,413,413,1437352,12/30/2021,102828,1437352_0.csv,6809,34276,411312,60.40710824,-0.062743874,1.062743874,0.062865648,0.002826712,6.63E-06,-962.7570709,"('Q4', '2021')",,2021-12,42901,106.7189055,1.528367447,69.82542432,"Q4,2021",0.30361343,0.006920944,-9.021429395,1479015,1016326,0.687164092,462689,58236,462689,1128384,462689,0.410045694,0.589954306
414,414,414,1437352,9/29/2021,96746,1437352_0.csv,6407,32248.66667,386984,60.4001873,-0.116591147,1.116591147,0.1165276,0.002659519,6.24E-06,-518.0512327,"('Q3', '2021')",https://www.sec.gov/Archives/edgar/data/1437352/000156459021055769/Financial_Report.xlsx,2021-09,42426,63.41704036,0.91303173,69.45765219,"Q3,2021",0.18139647,-0.003437661,-8.168959475,1357481,958699,0.706233826,398782,58117,398782,1054965,398782,0.378004958,0.621995042
415,415,415,1437352,6/29/2021,86649,1437352_0.csv,5738,28883,346596,60.40362496,-0.054004409,1.054004409,0.053995864,0.002381956,5.59E-06,-1118.494334,"('Q2', '2021')",https://www.sec.gov/Archives/edgar/data/1437352/000156459021042684/Financial_Report.xlsx,2021-06,41483,141.0986395,2.016227632,69.98150269,"Q2,2021",0.400550987,-0.000489665,-7.927038408,1375024,969695,0.705220418,405329,1183312,405329,1051862,405329,0.385344275,0.614655725
416,416,416,1437352,3/30/2021,82210,1437352_0.csv,5444,27403.33333,328840,60.40411462,-0.087277811,1.087277811,0.087318802,0.002259929,5.30E-06,-692.0901646,"('Q1', '2021')",https://www.sec.gov/Archives/edgar/data/1437352/000156459021026068/Financial_Report.xlsx,2021-03,34527,79.00915332,1.125742514,70.18403616,"Q1,2021",0.223642218,0.002277194,-8.759620063,1288203,931623,0.723195801,356580,1184054,356580,994745,356580,0.358463727,0.641536273
417,417,417,1437352,12/30/2020,75608,1437352_0.csv,5007,25202.66667,302432,60.40183743,,,,0.002505941,5.12E-06,,"('Q4', '2020')",https://www.sec.gov/Archives/edgar/data/1437352/000156459021009422/Financial_Report.xlsx,2020-12,33606,,,48.93707912,"Q4,2020",,NaN,,960944,708639,0.737440475,252305,1186994,252305,693819,252305,0.363646715,0.636353285
418,418,418,1437491,ttm,24632,1437491_0.csv,623577,8210.666667,98528,0.158004545,-2.601680769,3.601680769,3.014995925,0.00057317,0.000573001,-0.060731719,"('-1', 'ttm')",,2021-ttm,0,,,47.05426559,"-1,ttm",,0.016265439,,,,,,,,,,,
419,419,419,1437491,12/30/2021,6135,1437491_0.csv,173135,2045,24540,0.141739105,-0.003925593,1.003925593,0.003927344,0.000168649,0.000168649,-36.10641451,"('Q4', '2021')",,2021-12,0,0,0,49.26058127,"Q4,2021",0,2.47E-07,#NAME?,43514,12574,0.288964471,30940,1244755,31233,31376,30940,0.986104029,0.013895971
420,420,420,1437491,9/29/2021,6111,1437491_0.csv,172458,2037,24444,0.141738858,0.111641108,0.888358892,-0.111644134,0.00016799,0.000167989,1.269593793,"('Q3', '2021')",https://www.sec.gov/Archives/edgar/data/1437491/000121390021058142/Financial_Report.xlsx,2021-09,0,0,0,49.51885919,"Q3,2021",0,-4.83E-07,#NAME?,45504,21731,0.477562412,23773,979167,23773,24010,23773,0.990129113,0.009870887
421,421,421,1437491,6/29/2021,6879,1437491_0.csv,194131,2293,27516,0.141739341,-0.249137776,1.249137776,0.249137461,0.000189102,0.000189101,-0.568919509,"('Q2', '2021')",https://www.sec.gov/Archives/edgar/data/1437491/000121390021034916/Financial_Report.xlsx,2021-06,0,0,0,50.56102836,"Q2,2021",0,-3.57E-08,#NAME?,35590,14900,0.418656926,20690,337739,20690,21591,20690,0.958269649,0.041730351
422,422,422,1437491,3/30/2021,5507,1437491_0.csv,155412,1835.666667,22028,0.141739377,-0.074898155,1.074898155,0.233370661,0.000151386,0.000151385,-1.892428137,"('Q1', '2021')",,2021-03,0,0,0,51.47348063,"Q1,2021",0,0.018211714,#NAME?,36591,19562,0.534612336,17029,332901,17029,18041,17029,0.943905548,0.056094452
423,423,423,1437491,12/30/2020,4465,1437491_0.csv,144583,1488.333333,17860,0.123527662,,,,0.000147987,0.000147987,,"('Q4', '2020')",https://www.sec.gov/Archives/edgar/data/1437491/000121390021008954/Financial_Report.xlsx,2020-12,0,,,66.84856427,"Q4,2020",,NaN,,39325,15466,0.393286713,23859,332499,23859,25347,23859,0.941294828,0.058705172
424,424,424,1441683,ttm,369259,1441683_0.csv,40000,123086.3333,1477036,36.9259,0.120705194,0.879294806,2.517154341,0.008592414,3.68E-05,305.918069,"('-1', 'ttm')",,2021-ttm,167852,,,66.21019593,"-1,ttm",,27.6943597,,,,,,,,,,,
425,425,425,1441683,12/30/2021,104988,1441683_0.csv,45491,34996,419952,9.231540305,-0.136025372,1.136025372,0.136024757,0.00288609,4.43E-05,-67.86631172,"('Q4', '2021')",,2021-12,49277,9.046631173,0.134698661,67.16199781,"Q4,2021",0.175093633,-5.00E-06,-7.501832497,504519,270602,0.536356411,233917,331803,233917,233917,233917,1,0
426,426,426,1441683,9/29/2021,92417,1441683_0.csv,40044,30805.66667,369668,9.2315453,-0.113477741,1.113477741,0.113471247,0.002540516,3.90E-05,-81.35115502,"('Q3', '2021')",https://www.sec.gov/Archives/edgar/data/1441683/000144168321000085/Financial_Report.xlsx,2021-09,42071,10.30899289,0.153490206,67.16384832,"Q3,2021",0.199520493,-5.38E-05,-7.891280541,494370,237894,0.481206384,256476,329607,256476,256476,256476,1,0
427,427,427,1441683,6/29/2021,82999,1441683_0.csv,35963,27666.33333,331996,9.231599144,0.065896104,0.934103896,-0.065905126,0.002281618,3.50E-05,140.0932468,"('Q2', '2021')",https://www.sec.gov/Archives/edgar/data/1441683/000144168321000063/Financial_Report.xlsx,2021-06,40520,-15.97162002,-0.238679954,66.91647024,"Q2,2021",-0.310256046,-8.92E-05,-8.771386156,493915,217569,0.440498871,276346,1286987,276346,276346,276346,1,0
428,428,428,1441683,3/30/2021,88855,1441683_0.csv,38500,29618.33333,355420,9.231688312,-0.088493073,1.088493073,0.088509127,0.002442598,3.75E-05,-104.3210273,"('Q1', '2021')",https://www.sec.gov/Archives/edgar/data/1441683/000144168321000041/Financial_Report.xlsx,2021-03,35984,11.49648562,0.158867961,72.36503547,"Q1,2021",0.206507788,0.000136149,-9.074166729,500595,205035,0.409582597,295560,1289744,295560,295560,295560,1,0
429,429,429,1441683,12/30/2020,81630,1441683_0.csv,35370,27210,326520,9.231552163,,,,0.002705533,3.62E-05,,"('Q4', '2020')",https://www.sec.gov/Archives/edgar/data/1441683/000144168321000018/Financial_Report.xlsx,2020-12,35425,,,59.1573216,"Q4,2020",,NaN,,512521,215916,0.42128225,296605,1264657,296605,296605,296605,1,0
430,430,430,1441816,ttm,873782,1441816_0.csv,31000,291260.6667,3495128,112.7460645,0.180284521,0.819715479,2.278805527,0.020332333,2.85E-05,625.378508,"('-1', 'ttm')",,2021-ttm,471890,,,57.81350812,"-1,ttm",,84.55906362,,,,,,,,,,,
431,431,431,1441816,1/30/2022,266494,1441816_0.csv,37818,88831.33333,1065976,28.1870009,-0.174545003,1.174545003,0.174536015,0.00620114,3.48E-05,-161.4884439,"('Q4', '2021')",,2021-12,144263,25.66957295,0.441028671,58.20386431,"Q4,2021",0.187758324,-0.000215698,-6.291045209,2449588,1782888,0.727831782,666700,1508065,666700,1803221,666700,0.369727282,0.630272718
432,432,432,1441816,10/30/2021,226893,1441816_0.csv,32198,75631,907572,28.1872166,-0.141611119,1.141611119,0.141617232,0.006237222,3.14E-05,-199.0466342,"('Q3', '2021')",https://www.sec.gov/Archives/edgar/data/1441816/000144181621000242/Financial_Report.xlsx,2021-09,120360,30.1352028,0.510471253,59.03408399,"Q3,2021",0.217320324,0.000150933,-6.605120114,2351612,1688707,0.718106133,662905,607229,662905,1798589,662905,0.368569473,0.631430527
433,433,433,1441816,7/30/2021,198747,1441816_0.csv,28204,66249,794988,28.18706566,-0.094153703,1.094153703,0.094132608,0.005463497,2.75E-05,-299.3728849,"('Q2', '2021')",https://www.sec.gov/Archives/edgar/data/1441816/000144181621000192/Financial_Report.xlsx,2021-06,109377,45.06674907,0.728331967,61.87665944,"Q2,2021",0.310070715,-0.000543444,-6.642877311,2281411,1607687,0.704689773,673724,558994,673724,1810421,673724,0.372136647,0.627863353
434,434,434,1441816,4/29/2021,181648,1441816_0.csv,25777,60549.33333,726592,28.18760911,-0.062268194,1.062268194,0.062275218,0.004993451,2.51E-05,-452.68069,"('Q1', '2021')",https://www.sec.gov/Archives/edgar/data/1441816/000144181621000095/Financial_Report.xlsx,2021-03,97890,64.78491066,1.008956918,64.20978886,"Q1,2021",0.429532103,0.000186378,-6.987440215,1377627,1645991,1.194801641,268364,560115,268364,924124,-268364,-0.290398258,1.290398258
435,435,435,1441816,1/30/2021,170999,1441816_0.csv,24266,56999.66667,683996,28.18742273,,,,0.004700713,2.36E-05,,"('Q4', '2020')",https://www.sec.gov/Archives/edgar/data/1441816/000144181621000051/Financial_Report.xlsx,2020-12,97683,,,71.51632367,"Q4,2020",,NaN,,1407495,1412528,1.003575856,5033,561185,5033,932696,-5033,-0.005396185,1.005396185
436,436,436,1447669,ttm,2841839,1447669_0.csv,71943232,947279.6667,11367356,0.158004522,-2.024982653,3.024982653,2.372126055,0.066127725,0.066108132,-0.078027593,"('-1', 'ttm')",,2021-ttm,1044618,,,71.83651857,"-1,ttm",,0.01626577,,,,,,,,,,,
437,437,437,1447669,12/30/2021,842744,1447669_0.csv,23783023,280914.6667,3370976,0.141738752,-0.138572459,1.138572459,0.138572448,0.023166787,0.023166786,-1.022849364,"('Q4', '2021')",,2021-12,331422,0.114498033,0.00158742,72.12836093,"Q4,2021",0.134395462,-1.48E-09,-8.933335654,12998598,1967132,0.151334167,11031466,458299,11031466,12017373,11031466,0.917959857,0.082040143
438,438,438,1447669,9/29/2021,740176,1447669_0.csv,20888458,246725.3333,2960704,0.141738754,-0.106505728,1.106505728,0.106505753,0.020347223,0.020347222,-1.330808745,"('Q3', '2021')",https://www.sec.gov/Archives/edgar/data/1447669/000144766921000266/Financial_Report.xlsx,2021-09,264548,0.131576644,0.00186273,70.63644297,"Q3,2021",0.157703968,3.29E-09,-10.11432353,12976847,1895098,0.146036861,11081749,157670,11081749,12067296,11081749,0.918329094,0.081670906
439,439,439,1447669,6/29/2021,668931,1447669_0.csv,18877858,222977,2675724,0.14173875,-0.133804468,1.133804468,0.133804416,0.018388718,0.018388718,-1.059297587,"('Q2', '2021')",https://www.sec.gov/Archives/edgar/data/1447669/000144766921000200/Financial_Report.xlsx,2021-06,238058,0.10685568,0.001495179,71.46679399,"Q2,2021",0.126586083,-6.47E-09,-9.913348395,12533585,1839473,0.146763516,10694112,954467,10694112,11679331,10694112,0.915644227,0.084355773
440,440,440,1447669,3/30/2021,589988,1447669_0.csv,16650012,196662.6667,2359952,0.141738757,0.061865608,0.938134392,0.07644365,0.016218598,0.016218597,2.291075136,"('Q1', '2021')",https://www.sec.gov/Archives/edgar/data/1447669/000144766921000126/Financial_Report.xlsx,2021-03,210590,-0.191795743,-0.002721534,70.47339917,"Q1,2021",-0.230412678,0.01821162,-11.94539095,12242181,1994985,0.162959933,10247196,857036,10247196,11465244,10247196,0.893761703,0.106238297
441,441,441,1447669,12/30/2020,548090,1447669_0.csv,17748003,182696.6667,2192360,0.123527137,,,,0.018165819,0.018165817,,"('Q4', '2020')",https://www.sec.gov/Archives/edgar/data/1447669/000144766921000070/Financial_Report.xlsx,2020-12,179987,,,79.46493471,"Q4,2020",,NaN,,9487433,1034768,0.109067226,8452665,841846,8452665,8754733,8452665,0.965496606,0.034503394
442,442,442,1448056,ttm,752438,1448056_0.csv,17000,250812.6667,3009752,177.0442353,0.076036741,0.923963259,2.695831348,0.017508738,1.56E-05,2328.403778,"('-1', 'ttm')",,2021-ttm,388399,,,79.48130486,"-1,ttm",,132.7829167,,,,,,,,,,,
443,443,443,1448056,12/30/2021,203591,1448056_0.csv,18399,67863.66667,814364,44.26131855,-0.040373198,1.040373198,0.040353818,0.005596657,1.79E-05,-1096.304508,"('Q4', '2021')",,2021-12,97723,136.8669468,1.715975255,79.76044315,"Q4,2021",0.465230222,-0.000824509,-8.010001929,1341478,981566,0.731704881,359912,371285,337348,834420,359912,0.431331943,0.568668057
444,444,444,1448056,9/29/2021,195694,1448056_0.csv,17685,65231.33333,782776,44.26214306,-0.084304108,1.084304108,0.084273398,0.005379571,1.72E-05,-525.0294933,"('Q3', '2021')",https://www.sec.gov/Archives/edgar/data/1448056/000144805621000070/Financial_Report.xlsx,2021-09,93067,67.68509091,0.856492701,79.02588179,"Q3,2021",0.232205485,-0.00125363,-7.756944495,1287480,932169,0.724026004,355311,362925,341868,838350,355311,0.423821793,0.576178207
445,445,445,1448056,6/29/2021,180484,1448056_0.csv,16310,60161.33333,721936,44.26339669,-0.045244809,1.045244809,0.045260006,0.004961453,1.59E-05,-978.3088413,"('Q2', '2021')",https://www.sec.gov/Archives/edgar/data/1448056/000144805621000057/Financial_Report.xlsx,2021-06,102813,145.6274788,1.830202265,79.5690627,"Q2,2021",0.496175821,0.000643549,-6.717886278,1328092,970205,0.730525446,357887,1203553,350143,846036,357887,0.423016278,0.576983722
446,446,446,1448056,3/30/2021,172669,1448056_0.csv,15604,57556.33333,690676,44.26275314,-0.038052155,1.038052155,0.038048575,0.00474662,1.52E-05,-1163.212771,"('Q1', '2021')",https://www.sec.gov/Archives/edgar/data/1448056/000144805621000025/Financial_Report.xlsx,2021-03,94796,165.7272727,2.172349158,76.28942709,"Q1,2021",0.588941899,-0.000152661,-7.018837348,1398619,981255,0.701588496,417364,1192983,413975,863355,417364,0.483421072,0.516578928
447,447,447,1448056,12/30/2020,166340,1448056_0.csv,15032,55446.66667,665360,44.2629058,,,,0.00551315,1.54E-05,,"('Q4', '2020')",https://www.sec.gov/Archives/edgar/data/1448056/000144805621000008/Financial_Report.xlsx,2020-12,92392,,,79.41517216,"Q4,2020",,NaN,,1333509,900936,0.675612988,432573,1183605,431963,875639,432573,0.494008376,0.505991624
448,448,448,1459200,ttm,748969,1459200_0.csv,2300000,249656.3333,2995876,1.302554783,0.041208844,0.958791156,2.835163091,0.017428016,0.002113454,31.60862232,"('-1', 'ttm')",,2021-ttm,86664,,,79.52254642,"-1,ttm",,0.976915957,,,,,,,,,,,
449,449,449,1459200,12/30/2021,195290,1459200_0.csv,2398854,65096.66667,781160,0.325638826,-0.015421891,1.015421891,0.015421892,0.005368465,0.002336698,-21.11536246,"('Q4', '2021')",,2021-12,24579,0.674635633,0.008470665,79.6437659,"Q4,2021",0.312149436,2.78E-10,-31.29891373,1232015,605960,0.491844661,626055,1183364,613167,1038512,626055,0.602838484,0.397161516
450,450,450,1459200,9/29/2021,192324,1459200_0.csv,2362421,64108,769296,0.325638826,-0.018357779,1.018357779,0.018357805,0.005286931,0.002301209,-17.73846524,"('Q3', '2021')",https://www.sec.gov/Archives/edgar/data/1459200/000145920021000035/Financial_Report.xlsx,2021-09,22557,0.529668678,0.006636179,79.81530343,"Q3,2021",0.244547478,8.33E-09,-33.48973797,1181754,572691,0.48461101,609063,1176772,597174,1018286,609063,0.598125674,0.401874326
451,451,451,1459200,6/29/2021,188857,1459200_0.csv,2319834,62952.33333,755428,0.325638817,-0.094835593,1.094835593,0.094835882,0.005191624,0.002259725,-3.433719418,"('Q2', '2021')",https://www.sec.gov/Archives/edgar/data/1459200/000145920021000028/Financial_Report.xlsx,2021-06,20529,0.102161775,0.001299179,78.63565285,"Q2,2021",0.047875576,8.60E-08,-33.61060852,1156791,571982,0.494455783,584809,2368700,573437,990358,584809,0.590502626,0.409497374
452,452,452,1459200,3/30/2021,172498,1459200_0.csv,2118888,57499.33333,689992,0.325638731,-0.041805708,1.041805708,0.041805576,0.00474192,0.002063986,-7.789336512,"('Q1', '2021')",https://www.sec.gov/Archives/edgar/data/1459200/000145920021000021/Financial_Report.xlsx,2021-03,18999,0.22344667,0.002828006,79.01210077,"Q1,2021",0.104213857,-4.15E-08,-34.85993555,1114545,555160,0.498104608,559385,2501200,548501,961273,559385,0.581921057,0.418078943
453,453,453,1459200,12/30/2020,165576,1459200_0.csv,2033861,55192,662304,0.325638773,,,,0.005487828,0.002081741,,"('Q4', '2020')",https://www.sec.gov/Archives/edgar/data/1459200/000145920021000012/Financial_Report.xlsx,2020-12,23562,,,31.6734833,"Q4,2020",,NaN,,731687,253244,0.346109744,478443,2466600,467752,577752,478443,0.82811137,0.17188863
454,454,454,1459417,ttm,945682,1459417_0.csv,23940631,315227.3333,3782728,0.158004524,-2.482123172,3.482123172,2.88172758,0.022005398,0.021998878,-0.063657004,"('-1', 'ttm')",,2021-ttm,456096,,,29.88161745,"-1,ttm",,0.016265774,,,,,,,,,,,
455,455,455,1459417,12/30/2021,243624,1459417_0.csv,6875297,81208,974496,0.14173875,-0.048404458,1.048404458,0.04840431,0.006697153,0.006697153,-2.928216831,"('Q4', '2021')",,2021-12,109915,0.346265318,0.011516144,30.0678171,"Q4,2021",0.974989064,-2.00E-08,-8.456569792,2109006,1279851,0.606850336,829155,2470300,829155,1670971,829155,0.496211484,0.503788516
456,456,456,1459417,9/29/2021,232376,1459417_0.csv,6557867,77458.66667,929504,0.14173877,0.020374473,0.979625527,-0.020374438,0.006387949,0.006387948,6.956683928,"('Q3', '2021')",https://www.sec.gov/Archives/edgar/data/1459417/000145941721000014/Financial_Report.xlsx,2021-09,118300,-0.867352924,-0.025520976,33.98588361,"Q3,2021",-2.160677098,5.12E-09,-8.020592006,2033482,1154017,0.567507851,879465,1119500,879465,1622234,879465,0.542132023,0.457867977
457,457,457,1459417,6/29/2021,237209,1459417_0.csv,6694259,79069.66667,948836,0.141738765,-0.020372207,1.020372207,0.020372258,0.006520806,0.006520806,-6.957457668,"('Q2', '2021')",https://www.sec.gov/Archives/edgar/data/1459417/000145941721000012/Financial_Report.xlsx,2021-06,114644,0.85776707,0.026113312,32.84788466,"Q2,2021",2.210826012,7.19E-09,-8.111127029,2049257,1131838,0.552316279,917419,7163,917419,1659519,917419,0.552822233,0.447177767
458,458,458,1459417,3/30/2021,232473,1459417_0.csv,6560605,77491,929892,0.141738757,0.058946407,0.941053593,0.079793213,0.006390615,0.006390615,2.404535997,"('Q1', '2021')",https://www.sec.gov/Archives/edgar/data/1459417/000145941721000009/Financial_Report.xlsx,2021-03,113237,-0.275550678,-0.004699855,58.62960864,"Q1,2021",-0.397902909,0.018211618,-8.726293163,1555513,645025,0.414670273,910488,7382,910488,1190917,910488,0.764526831,0.235473169
459,459,459,1459417,12/30/2020,215294,1459417_0.csv,6971553,71764.66667,861176,0.12352714,,,,0.007135674,0.007135673,,"('Q4', '2020')",https://www.sec.gov/Archives/edgar/data/1459417/000145941721000003/Financial_Report.xlsx,2020-12,92550,,,60.44099058,"Q4,2020",,NaN,,1544264,603274,0.390654707,940990,7049,940990,1210663,940990,0.777251803,0.222748197
460,460,460,1463172,ttm,1338603,1463172_0.csv,170000,446201,5354412,31.49654118,0.108463305,0.891536695,2.56613696,0.031148412,0.000156212,290.3889114,"('-1', 'ttm')",,2021-ttm,679801,,,57.902543,"-1,ttm",,23.6223842,,,,,,,,,,,
461,461,461,1463172,12/30/2021,375365,1463172_0.csv,190682,125121.6667,1501460,7.874156973,-0.081822308,1.081822308,0.081824575,0.010318674,0.000185741,-96.23484317,"('Q4', '2021')",,2021-12,184205,12.77250035,0.216554563,58.98051813,"Q4,2021",0.330023235,1.65E-05,-7.534534394,2451279,1962061,0.800423371,489218,2611,489218,1468568,489218,0.333125875,0.666874125
462,462,462,1463172,9/29/2021,346974,1463172_0.csv,176260,115658,1387896,7.874140474,-0.090373706,1.090373706,0.090372577,0.009538214,0.000171693,-87.12866601,"('Q3', '2021')",https://www.sec.gov/Archives/edgar/data/1463172/000162828021021018/Financial_Report.xlsx,2021-09,172828,11.83024163,0.20666208,57.24437511,"Q3,2021",0.314948021,-8.15E-06,-7.364910094,2321240,1852964,0.798264721,468276,18461,468276,1436464,468276,0.325992159,0.674007841
463,463,463,1463172,6/29/2021,318216,1463172_0.csv,161651,106072,1272864,7.874148629,-0.067665746,1.067665746,0.067666953,0.008747665,0.000157462,-116.3683111,"('Q2', '2021')",https://www.sec.gov/Archives/edgar/data/1463172/000146317221000323/Financial_Report.xlsx,2021-06,165250,16.12981942,0.207897097,77.58559228,"Q2,2021",0.316829829,8.90E-06,-7.214483191,2249062,1784935,0.793635302,464127,19736,464127,1421299,464127,0.326551275,0.673448725
464,464,464,1463172,3/30/2021,298048,1463172_0.csv,151406,99349.33333,1192192,7.87413973,-0.051328343,1.051328343,0.051323113,0.008193253,0.000147483,-153.4072456,"('Q1', '2021')",https://www.sec.gov/Archives/edgar/data/1463172/000146317221000166/Financial_Report.xlsx,2021-03,157518,21.30925325,0.273023573,78.04913325,"Q1,2021",0.416081374,-3.92E-05,-7.199090638,2175108,1744865,0.802196948,430243,21082,430243,1376545,430243,0.312552804,0.687447196
465,465,465,1463172,12/30/2020,283498,1463172_0.csv,144014,94499.33333,1133992,7.874178899,,,,0.009396218,0.000147404,,"('Q4', '2020')",https://www.sec.gov/Archives/edgar/data/1463172/000146317221000054/Financial_Report.xlsx,2020-12,142897,,,78.22706517,"Q4,2020",,NaN,,2157279,1725448,0.799826077,431831,22461,431831,1367407,431831,0.31580283,0.68419717
466,466,466,1467623,ttm,2157900,1467623_0.csv,15480000,719300,8631600,0.557596899,0.046021218,0.953978782,2.815915119,0.050212914,0.014224464,12.11608298,"('-1', 'ttm')",,2021-ttm,427500,,,77.01931404,"-1,ttm",,0.418197674,,,,,,,,,,,
467,467,467,1467623,12/30/2021,565500,1467623_0.csv,16226776,188500,2262000,0.139399225,-0.027808081,1.027808081,0.02780807,0.01554543,0.015806328,-5.012903481,"('Q4', '2021')",,2021-12,108300,0.246681867,0.003213678,76.75998696,"Q4,2021",0.276645252,-1.49E-09,-20.32132942,3091300,3385200,1.09507327,293900,1293206,293900,1076400,-293900,-0.273039762,1.273039762
468,468,468,1467623,9/29/2021,550200,1467623_0.csv,15787749,183400,2200800,0.139399227,-0.036939351,1.036939351,0.036939314,0.015124838,0.015378676,-3.773732381,"('Q3', '2021')",https://www.sec.gov/Archives/edgar/data/1467623/000146762321000047/Financial_Report.xlsx,2021-09,115700,0.205720341,0.002674507,76.91898417,"Q3,2021",0.230231412,-5.03E-09,-18.34399242,3339100,3501700,1.048695756,162600,1247871,162600,1206700,-162600,-0.134747659,1.134747659
469,469,469,1467623,6/29/2021,530600,1467623_0.csv,15225335,176866.6667,2122400,0.139399232,-0.03713834,1.03713834,0.037138389,0.014586039,0.014830835,-3.753512675,"('Q2', '2021')",https://www.sec.gov/Archives/edgar/data/1467623/000146762321000040/Financial_Report.xlsx,2021-06,100800,0.184887637,0.00206068,89.72167098,"Q2,2021",0.177390919,6.58E-09,-20.30158826,3328100,3422900,1.028484721,94800,448395,94800,1273600,-94800,-0.074434673,1.074434673
470,470,470,1467623,3/30/2021,511600,1467623_0.csv,14680139,170533.3333,2046400,0.139399225,-0.014878054,1.014878054,0.014878,0.014063735,0.014299765,-9.369452594,"('Q1', '2021')",https://www.sec.gov/Archives/edgar/data/1467623/000146762321000025/Financial_Report.xlsx,2021-03,102700,0.477208308,0.005320167,89.69798748,"Q1,2021",0.457979653,-7.41E-09,-19.63388406,3307300,3390300,1.025096,83000,435863,83000,1284400,-83000,-0.064621613,1.064621613
471,471,471,1467623,12/30/2020,504100,1467623_0.csv,14464929,168033.3333,2016400,0.139399232,,,,0.01670782,0.014805454,,"('Q4', '2020')",https://www.sec.gov/Archives/edgar/data/1467623/000146762321000012/Financial_Report.xlsx,2020-12,109900,,,90.45117953,"Q4,2020",,NaN,,2387200,2053400,0.860170912,333800,428301,333800,333800,333800,1,0
472,472,472,1467761,ttm,58680,1467761_0.csv,1485527,19560,234720,0.158004533,-2.500884927,3.500884927,2.902633679,0.001365445,0.00136504,-0.06317945,"('-1', 'ttm')",,2021-ttm,8432,,,88.97047319,"-1,ttm",,0.016265458,,,,,,,,,,,
473,473,473,1467761,9/29/2021,15036,1467761_0.csv,424329,5012,60144,0.141739075,-0.009600423,1.009600423,0.009601826,0.000413335,0.000413334,-14.76383713,"('Q3', '2021')",https://www.sec.gov/Archives/edgar/data/1467761/000149315221026929/Financial_Report.xlsx,2021-09,455.99,0.113008674,0.001260157,89.67824397,"Q3,2021",0.106688187,1.97E-07,-130.6433975,56539,24492,0.433187711,32047,255607,32047,32047,32047,1,0
474,474,474,1467761,6/29/2021,14893,1467761_0.csv,420294,4964.333333,59572,0.141738878,0.008321909,0.991678091,-0.008323345,0.000409404,0.000409404,17.0320139,"('Q2', '2021')",https://www.sec.gov/Archives/edgar/data/1467761/000149315221019919/Financial_Report.xlsx,2021-06,3209,-0.90983839,-0.010337135,88.01649871,"Q2,2021",-0.875170005,-2.05E-07,-18.71982332,32663,25635,0.784832991,7028,255090,7028,7028,7028,1,0
475,475,475,1467761,3/30/2021,15018,1467761_0.csv,423821,5006,60072,0.141739083,0.046940038,0.953059962,0.093570232,0.00041284,0.000412839,3.019577543,"('Q1', '2021')",https://www.sec.gov/Archives/edgar/data/1467761/000165495421004133/Financial_Report.xlsx,2021-03,3174,-0.152055188,-0.002267102,67.07028767,"Q1,2021",-0.191938767,0.018211722,-19.85843151,30339,22310,0.735357131,8029,250165,8029,8029,8029,1,0
476,476,476,1467761,12/30/2020,13733,1467761_0.csv,444695,4577.666667,54932,0.123527361,,,,0.000455165,0.000455164,,"('Q4', '2020')",,2020-12,2505,,,66.72652846,"Q4,2020",,NaN,,29611,21820,0.736888319,7790,613189,7790,7806,7791,0.998078401,0.001921599
477,477,477,1468666,ttm,547070,1468666_0.csv,4000,182356.6667,2188280,547.07,-0.023017903,1.023017903,3.09180323,0.012729959,3.68E-06,-23767.15222,"('-1', 'ttm')",,2021-ttm,143146,,,67.37012347,"-1,ttm",,410.2935294,,,,,,,,,,,
478,478,478,1468666,10/30/2021,133699,1468666_0.csv,3910,44566.33333,534796,136.7764706,0.003567788,0.996432212,-0.003525326,0.003675347,3.81E-06,38336.49076,"('Q3', '2021')",https://www.sec.gov/Archives/edgar/data/1468666/000146866621000046/Financial_Report.xlsx,2021-09,35008,-2500.571429,-37.20900246,67.20339872,"Q3,2021",-3.264509076,0.005828386,-15.33109205,990687,338356,0.341536732,652331,585857,652331,652331,652331,1,0
479,479,479,1468666,7/30/2021,134172,1468666_0.csv,3924,44724,536688,136.7706422,0.03776361,0.96223639,-0.037938378,0.003688349,3.82E-06,3621.757655,"('Q2', '2021')",https://www.sec.gov/Archives/edgar/data/1468666/000146866621000039/Financial_Report.xlsx,2021-06,34685,-225.2272727,-3.362770202,66.97670646,"Q2,2021",-0.29504316,-0.024845782,-16.0804578,994593,337075,0.338907473,657518,528649,657518,657518,657518,1,0
480,480,480,1468666,4/29/2021,139463,1468666_0.csv,4078,46487.66667,557852,136.795488,0.001957905,0.998042095,-0.001953684,0.003833797,3.97E-06,69868.29549,"('Q1', '2021')",https://www.sec.gov/Archives/edgar/data/1468666/000146866621000019/Financial_Report.xlsx,2021-03,36405,-4550.625,-69.46812228,65.50666479,"Q1,2021",-6.093895929,0.000578537,-15.35356033,984811,323762,0.328755467,661049,530321,661049,661049,661049,1,0
481,481,481,1468666,1/30/2021,139736,1468666_0.csv,4086,46578.66667,558944,136.7949094,,,,0.003841302,3.98E-06,,"('Q4', '2020')",https://www.sec.gov/Archives/edgar/data/1468666/000146866621000012/Financial_Report.xlsx,2020-12,37048,,,73.97048391,"Q4,2020",,NaN,,1045361,377580,0.361195797,667781,532062,667781,667781,667781,1,0
482,482,482,1477333,ttm,656426,1477333_0.csv,100000,218808.6667,2625704,26.25704,0.152319677,0.847680323,2.390700221,0.015274602,9.19E-05,172.3811426,"('-1', 'ttm')",,2021-ttm,328065,,,73.53163888,"-1,ttm",,19.69273921,,,,,,,,,,,
483,483,483,1477333,12/30/2021,193596,1477333_0.csv,117969,64532,774384,6.564300791,-0.123289628,1.123289628,0.123291963,0.005321898,0.000114912,-53.24292812,"('Q4', '2021')",,2021-12,96219,7.431186284,0.100888465,73.65744226,"Q4,2021",0.184431155,1.36E-05,-7.164795242,2372071,1556273,0.656081964,815798,533126,815798,1962675,815798,0.415656184,0.584343816
484,484,484,1477333,9/29/2021,172347,1477333_0.csv,105021,57449,689388,6.564287143,-0.130680534,1.130680534,0.130678091,0.004737769,0.0001023,-50.23156061,"('Q3', '2021')",https://www.sec.gov/Archives/edgar/data/1477333/000147733321000045/Financial_Report.xlsx,2021-09,85877,7.075053551,0.095574911,74.02626343,"Q3,2021",0.174717972,-1.42E-05,-7.099813485,2315514,1462364,0.631550489,853150,533305,853150,1996458,853150,0.427331805,0.572668195
485,485,485,1477333,6/29/2021,152428,1477333_0.csv,92883,50809.33333,609712,6.564301325,-0.104106984,1.104106984,0.104110681,0.004190201,9.05E-05,-63.05341962,"('Q2', '2021')",https://www.sec.gov/Archives/edgar/data/1477333/000147733321000036/Financial_Report.xlsx,2021-06,75995,8.677209409,0.11606328,74.76274516,"Q2,2021",0.212171759,2.20E-05,-7.266555023,1445932,644836,0.445965647,801096,124184,801096,1202524,801096,0.666178804,0.333821196
486,486,486,1477333,3/30/2021,138055,1477333_0.csv,84125,46018.33333,552220,6.564279346,-0.096319754,1.096319754,0.096318473,0.003795092,8.19E-05,-68.15091481,"('Q1', '2021')",https://www.sec.gov/Archives/edgar/data/1477333/000147733321000026/Financial_Report.xlsx,2021-03,69974,9.467460425,0.127131146,74.47003149,"Q1,2021",0.232405367,-7.67E-06,-7.198436724,1405526,601486,0.427943702,804040,123534,804040,1196286,804040,0.672113525,0.327886475
487,487,487,1477333,12/30/2020,125926,1477333_0.csv,76734,41975.33333,503704,6.564287017,,,,0.004173674,7.85E-05,,"('Q4', '2020')",https://www.sec.gov/Archives/edgar/data/1477333/000147733321000009/Financial_Report.xlsx,2020-12,63552,,,75.09408652,"Q4,2020",,NaN,,1380651,563711,0.408293624,816940,122983,816940,1200215,816940,0.680661382,0.319338618
488,488,488,1477720,ttm,378437,1477720_0.csv,93000,126145.6667,1513748,16.27686022,0.154883501,0.845116499,2.380441094,0.00880598,8.55E-05,105.0909884,"('-1', 'ttm')",,2021-ttm,282897,,,75.04928189,"-1,ttm",,12.20761519,,,,,,,,,,,
489,489,489,1477720,1/30/2022,111949,1477720_0.csv,110044,37316.33333,447796,4.069245029,-0.115725439,1.115725439,0.11572999,0.00260498,0.000101119,-35.16292599,"('Q4', '2021')",,2021-12,88888,7.787629227,0.104042048,74.85078731,"Q4,2021",0.306814795,1.66E-05,-4.515228571,707035,503195,0.711697441,203840,104950,203840,238452,203840,0.854847097,0.145152903
490,490,490,1477720,10/30/2021,100337,1477720_0.csv,98630,33445.66667,401348,4.069228429,-0.121356133,1.121356133,0.12135944,0.002758235,9.61E-05,-33.53129621,"('Q3', '2021')",https://www.sec.gov/Archives/edgar/data/1477720/000147772021000065/Financial_Report.xlsx,2021-09,73295,6.866685404,0.091511434,75.03636567,"Q3,2021",0.26986374,1.20E-05,-4.883185152,719781,472320,0.656199594,247461,104973,247461,283069,247461,0.874207349,0.125792651
491,491,491,1477720,7/30/2021,89478,1477720_0.csv,87956,29826,357912,4.069216426,-0.167020486,1.167020486,0.167007943,0.002459724,8.57E-05,-24.36357671,"('Q2', '2021')",https://www.sec.gov/Archives/edgar/data/1477720/000147772021000054/Financial_Report.xlsx,2021-06,63930,5.07864633,0.067259396,75.50835416,"Q2,2021",0.198345989,-4.37E-05,-4.797257995,735508,456244,0.620311404,279264,23639,279264,315868,279264,0.88411615,0.11588385
492,492,492,1477720,4/29/2021,76673,1477720_0.csv,75368,25557.66667,306692,4.069260163,-0.12144749,1.12144749,0.121458556,0.002107718,7.34E-05,-33.50633405,"('Q1', '2021')",https://www.sec.gov/Archives/edgar/data/1477720/000147772021000028/Financial_Report.xlsx,2021-03,56784,6.957118353,0.093693174,74.25427087,"Q1,2021",0.276295456,4.02E-05,-4.816122474,747593,795292,1.063803433,47699,24273,47699,351237,-47699,-0.135802891,1.135802891
493,493,493,1477720,1/30/2021,68369,1477720_0.csv,67206,22789.66667,273476,4.06922001,,,,0.001879444,6.55E-05,,"('Q4', '2020')",https://www.sec.gov/Archives/edgar/data/1477720/000147772021000007/Financial_Report.xlsx,2020-12,53527,,,52.86823018,"Q4,2020",,NaN,,731119,743908,1.017492364,12789,24891,12789,367880,-12789,-0.034764053,1.034764053
494,494,494,1479000,ttm,25.255,1479000_0.csv,639,8.418333333,101.02,0.158090767,,,,5.88E-07,5.87E-07,,"('-1', 'ttm')",,ttm'-ttm,0,,,50.93586582,"-1,ttm",,NaN,,,,,,,,,,,
495,495,495,1505155,ttm,302016,1505155_0.csv,10000,100672,1208064,120.8064,0.002891614,0.997108386,2.988062855,0.007027714,9.19E-06,41778.18571,"('-1', 'ttm')",,2021-ttm,55097,,,52.44826195,"-1,ttm",,90.60199278,,,,,,,,,,,
496,496,496,1505155,12/30/2021,75730,1505155_0.csv,10029,25243.33333,302920,30.20440722,0.004269261,0.995730739,-0.004247038,0.002081796,9.77E-06,7074.85557,"('Q4', '2021')",,2021-12,14003,-325.6511628,-6.193534597,52.57921106,"Q4,2021",-2.460648031,0.000674098,-21.72525812,1029007,712719,0.692627941,316288,25500,316288,831451,316288,0.380404858,0.619595142
497,497,497,1505155,9/29/2021,76053,1505155_0.csv,10072,25351,304212,30.20373312,0.002772277,0.997227723,-0.002766705,0.002090675,9.81E-06,10894.91802,"('Q3', '2021')",https://www.sec.gov/Archives/edgar/data/1505155/000150515521000052/Financial_Report.xlsx,2021-09,14364,-513,-9.191493729,55.81247348,"Q3,2021",-3.651797753,0.000168765,-21.23765696,1021711,714665,0.69947862,307046,25793,307046,823004,307046,0.373079596,0.626920404
498,498,498,1505155,6/29/2021,76264,1505155_0.csv,10100,25421.33333,305056,30.20356436,-0.031033075,1.031033075,0.031026511,0.002096475,9.84E-06,-973.2701199,"('Q2', '2021')",https://www.sec.gov/Archives/edgar/data/1505155/000150515521000046/Financial_Report.xlsx,2021-06,14298,47.03289474,0.794997897,59.16103038,"Q2,2021",0.315855925,-0.000192279,-20.69339183,1046399,734962,0.702372613,311437,1052008,311437,828188,311437,0.37604626,0.62395374
499,499,499,1505155,3/30/2021,73969,1505155_0.csv,9796,24656.33333,295876,30.20375664,0.054713886,0.945286114,-0.054673023,0.002033386,9.54E-06,552.0309171,"('Q1', '2021')",https://www.sec.gov/Archives/edgar/data/1505155/000150515521000031/Financial_Report.xlsx,2021-03,12432,-21.92592593,-0.464496055,47.20368601,"Q1,2021",-0.184545013,0.001305608,-25.17708575,1035117,717457,0.693116817,317660,1049712,317660,835296,317660,0.380296326,0.619703674
500,500,500,1505155,12/30/2020,78247,1505155_0.csv,10363,26082.33333,312988,30.20245103,,,,0.002593408,1.06E-05,,"('Q4', '2020')",https://www.sec.gov/Archives/edgar/data/1505155/000150515521000011/Financial_Report.xlsx,2020-12,11566,,,47.23040761,"Q4,2020",,NaN,,1011220,704605,0.696787049,306615,1032733,306615,825052,306615,0.371631121,0.628368879
501,501,501,1505952,ttm,257961,1505952_0.csv,2000,85987,1031844,515.922,0.078341014,0.921658986,2.685525695,0.006002583,1.84E-06,6585.592588,"('-1', 'ttm')",,2021-ttm,143722,,,37.81925344,"-1,ttm",,386.9026452,,,,,,,,,,,
502,502,502,1505952,1/30/2022,69993,1505952_0.csv,2170,23331,279972,129.0193548,-0.075322101,1.075322101,0.075475177,0.001628691,1.99E-06,-1712.901698,"('Q4', '2021')",,2021-12,39387,259.125,4.597482456,56.36236843,"Q4,2021",0.427608629,0.018363758,-6.610329755,244589,370567,1.515059958,125978,1022365,125978,21990,-125978,-5.728876762,6.728876762
503,503,503,1505952,10/30/2021,65081,1505952_0.csv,2018,21693.66667,260324,129.0009911,-0.035934292,1.035934292,0.035909272,0.001789058,1.97E-06,-3589.913295,"('Q3', '2021')",https://www.sec.gov/Archives/edgar/data/1505952/000150595221000034/Financial_Report.xlsx,2021-09,37503,535.7571429,12.2174356,43.85184914,"Q3,2021",1.136496906,-0.003115696,-6.700635432,211133,323690,1.533109462,112557,90525,112557,9705,-112557,-11.59783617,12.59783617
504,504,504,1505952,7/30/2021,62825,1505952_0.csv,1948,20941.66667,251300,129.0041068,-0.046186896,1.046186896,0.046002464,0.001727041,1.90E-06,-2793.088916,"('Q2', '2021')",https://www.sec.gov/Archives/edgar/data/1505952/000150595221000029/Financial_Report.xlsx,2021-06,33378,388.1162791,7.927063684,48.96091346,"Q2,2021",0.737377798,-0.02274607,-7.19652606,206796,308334,1.491005629,101538,471101,101538,204,-101538,-497.7352941,498.7352941
505,505,505,1505952,4/29/2021,60062,1505952_0.csv,1862,20020.66667,240248,129.0268528,-0.056753689,1.056753689,0.056629664,0.001651087,1.81E-06,-2273.453147,"('Q1', '2021')",https://www.sec.gov/Archives/edgar/data/1505952/000150595221000017/Financial_Report.xlsx,2021-03,33454,334.54,4.545381218,73.59998732,"Q1,2021",0.422738162,-0.015144883,-6.795758795,192376,285325,1.48316318,92949,470961,92949,7701,-92949,-12.0697312,13.0697312
506,506,506,1505952,1/30/2021,56843,1505952_0.csv,1762,18947.66667,227372,129.0419977,,,,0.001562598,1.72E-06,,"('Q4', '2020')",https://www.sec.gov/Archives/edgar/data/1505952/000150595221000007/Financial_Report.xlsx,2020-12,31246,,,73.87067585,"Q4,2020",,NaN,,216438,299897,1.385602343,83459,470823,83459,16150,-83459,-5.167739938,6.167739938
507,507,507,1517375,ttm,187859,1517375_0.csv,25000,62619.66667,751436,30.05744,0.118259091,0.881740909,2.526875059,0.004371355,2.30E-05,254.1659995,"('-1', 'ttm')",,2021-ttm,84182,,,73.24990593,"-1,ttm",,22.54289127,,,,,,,,,,,
508,508,508,1517375,12/30/2021,53265,1517375_0.csv,28353,17755,213060,7.514548725,-0.085033102,1.085033102,0.085025768,0.001464239,2.76E-05,-88.37203993,"('Q4', '2021')",,2021-12,24824,11.17191719,0.152579278,73.22040925,"Q4,2021",0.243654197,-5.08E-05,-7.91019468,264717,119507,0.451451928,145210,470723,145210,145210,145210,1,0
509,509,509,1517375,9/29/2021,49091,1517375_0.csv,26131,16363.66667,196364,7.514599518,-0.098587404,1.098587404,0.09860132,0.001349497,2.55E-05,-76.22271392,"('Q3', '2021')",https://www.sec.gov/Archives/edgar/data/1517375/000151737521000062/Financial_Report.xlsx,2021-09,21383,9.118550107,0.12309502,74.0773272,"Q3,2021",0.19656939,9.52E-05,-8.359082642,250647,102695,0.409719646,147952,469935,147952,147952,147952,1,0
510,510,510,1517375,6/29/2021,44685,1517375_0.csv,23786,14895,178740,7.51450433,-0.09476688,1.09476688,0.094737616,0.001228378,2.32E-05,-79.29462632,"('Q2', '2021')",https://www.sec.gov/Archives/edgar/data/1517375/000151737521000041/Financial_Report.xlsx,2021-06,19822,9.6270034,0.128683703,74.81136455,"Q2,2021",0.205496513,-0.000200875,-8.236688305,245625,95463,0.388653435,150162,774716,150162,150162,150162,1,0
511,511,511,1517375,3/30/2021,40818,1517375_0.csv,21727,13606,163272,7.514705206,-0.092962423,1.092962423,0.092968457,0.001122075,2.12E-05,-80.83594415,"('Q1', '2021')",https://www.sec.gov/Archives/edgar/data/1517375/000151737521000025/Financial_Report.xlsx,2021-03,18153,9.823051948,0.133467381,73.59889627,"Q1,2021",0.213129927,4.15E-05,-8.229208659,241193,90784,0.376395667,150409,776746,150409,150409,150409,1,0
512,512,512,1517375,12/30/2020,37346,1517375_0.csv,19879,12448.66667,149384,7.514663715,,,,0.001237791,2.03E-05,,"('Q4', '2020')",,2020-12,16285,,,72.24349793,"Q4,2020",,NaN,,239669,87570,0.365378918,152099,777524,152099,152099,152099,1,0
513,513,513,1517413,ttm,354330,1517413_0.csv,10000000,118110,1417320,0.141732,0.093479078,0.906520922,2.626083486,0.008245026,0.00918893,1.516189542,"('-1', 'ttm')",,2021-ttm,152645,,,72.87444962,"-1,ttm",,0.106298998,,,,,,,,,,,
514,514,514,1517413,12/30/2021,97717,1517413_0.csv,11031185,32572.33333,390868,0.035433002,-0.126615532,1.126615532,0.126615553,0.002686212,0.010745358,-0.2798472,"('Q4', '2021')",,2021-12,42151,0.033999652,0.000453941,74.89883872,"Q4,2021",0.153734974,6.80E-10,-8.23088436,2159020,1145067,0.530364239,1013953,779191,1013953,1947158,1013953,0.520734835,0.479265165
515,515,515,1517413,9/29/2021,86735,1517413_0.csv,9791437,28911.66667,346940,0.035433001,-0.020099788,1.020099788,0.020099734,0.00238432,0.009537733,-1.762854443,"('Q3', '2021')",https://www.sec.gov/Archives/edgar/data/1517413/000151741321000195/Financial_Report.xlsx,2021-09,39288,0.203640736,0.002725419,74.71904487,"Q3,2021",0.923010525,-1.88E-09,-8.656688605,2138934,1123355,0.525193858,1015579,778992,1015579,1947884,1015579,0.521375503,0.478624497
516,516,516,1517413,6/29/2021,85026,1517413_0.csv,9598509,28342,340104,0.035433003,-0.002050556,1.002050556,0.002050629,0.00233734,0.009349804,-17.27970802,"('Q2', '2021')",https://www.sec.gov/Archives/edgar/data/1517413/000151741321000154/Financial_Report.xlsx,2021-06,36334,1.849811628,0.02434381,75.98694144,"Q2,2021",8.24445257,2.60E-09,-9.341333873,2136871,1107781,0.51841267,1029090,36446,1029090,1960475,1029090,0.524918706,0.475081294
517,517,517,1517413,3/30/2021,84852,1517413_0.csv,9578867,28284,339408,0.035433001,-0.026654921,1.026654921,0.02665489,0.002332557,0.009330671,-1.329323026,"('Q1', '2021')",https://www.sec.gov/Archives/edgar/data/1517413/000151741321000069/Financial_Report.xlsx,2021-03,34872,0.140219948,,,"Q1,2021",,-1.08E-09,-9.480270415,2138294,1093260,0.511276747,1045034,45154,1045034,1975325,1045034,0.529044081,0.470955919
518,518,518,1517413,12/30/2020,82649,1517413_0.csv,9330172,27549.66667,330596,0.035433002,,,,0.002739307,0.009549818,,"('Q4', '2020')",https://www.sec.gov/Archives/edgar/data/1517413/000151741321000030/Financial_Report.xlsx,2020-12,34765,,,,"Q4,2020",,NaN,,1219951,158086,0.129583893,1061865,47881,1061865,1061865,1061865,1,0
519,519,519,1522787,ttm,0,1522787_0.csv,0,0,0,,,,,0,0,,"('-1', 'ttm')",,ttm'-ttm,0,,,68.44476321,"-1,ttm",,NaN,,,,,,,,,,,
520,520,520,1528396,ttm,763970,1528396_0.csv,19340459,254656.6667,3055880,0.158004523,-2.733366548,3.733366548,2.733366564,0.01777708,0.017771812,-0.05780583,"('-1', 'ttm')",,2021-ttm,179482,,,68.44476321,"-1,ttm",,6.56E-10,,,,,,,,,,,
521,521,521,1528396,1/30/2022,204633,1528396_0.csv,5180434,68211,818532,0.158004522,-0.106265637,1.106265637,0.233219232,0.004761675,0.004760264,-1.486882561,"('Q4', '2021')",,2021-12,51167,0.102823026,0.00145913,70.46874013,"Q4,2021",0.1108168,0.016265755,-14.46059909,2183625,703157,0.322013624,1480468,49371,1480468,1831389,1480468,0.808385329,0.191614671
522,522,522,1528396,10/30/2021,165934,1528396_0.csv,4682812,55311.33333,663736,0.141738767,0.276771271,0.723228729,-0.276771199,0.004561477,0.004561477,0.512115172,"('Q3', '2021')",https://www.sec.gov/Archives/edgar/data/1528396/000152839621000118/Financial_Report.xlsx,2021-09,43631,-0.024346868,-0.000337579,72.12208707,"Q3,2021",-0.028580342,1.42E-08,-21.03412921,2178347,679964,0.312146779,1498383,46112,1498383,1845732,1498383,0.811809623,0.188190377
523,523,523,1528396,7/30/2021,229435,1528396_0.csv,6474870,76478.33333,917740,0.141738753,-0.399266964,1.399266964,0.39926693,0.006307101,0.006307101,-0.354997448,"('Q2', '2021')",https://www.sec.gov/Archives/edgar/data/1528396/000152839621000095/Financial_Report.xlsx,2021-06,43805,0.023709906,0.000334515,70.87848384,"Q2,2021",0.028320965,-3.42E-09,-14.97253702,2321845,776951,0.334626558,1544894,912558,1544894,1888719,1544894,0.817958627,0.182041373
524,524,524,1528396,4/29/2021,163968,1528396_0.csv,4627330,54656,655872,0.141738756,0.089380199,0.910619801,-0.089380325,0.004507433,0.004507432,1.58579594,"('Q1', '2021')",https://www.sec.gov/Archives/edgar/data/1528396/000152839621000028/Financial_Report.xlsx,2021-03,40879,-0.090004778,-0.001165399,77.23088617,"Q1,2021",-0.098665921,-1.96E-08,-17.61901956,2249981,693497,0.308223492,1556484,934685,1556484,1896835,1556484,0.820569,0.179431
525,525,525,1528396,1/30/2021,180062,1528396_0.csv,5081517,60020.66667,720248,0.141738776,,,,0.004949852,0.004949851,,"('Q4', '2020')",https://www.sec.gov/Archives/edgar/data/1528396/000152839621000019/Financial_Report.xlsx,2020-12,39216,,,79.41465,"Q4,2020",,NaN,,2335731,691068,0.295867975,1644663,935799,1644663,1981585,1644663,0.829973481,0.170026519
526,526,526,1535527,ttm,1451594,1535527_0.csv,14687,483864.6667,5806376,395.3411861,0.158000344,0.841999656,2.367889376,0.033777638,1.35E-05,2502.153958,"('-1', 'ttm')",,2021-ttm,616546,,,76.5860223,"-1,ttm",,296.5026835,,,,,,,,,,,
527,527,527,1535527,1/30/2022,431010,1535527_0.csv,17443,143670,1724040,98.83850255,-0.134061504,1.134061504,0.134084636,0.010029319,1.60E-05,-737.2623704,"('Q4', '2021')",,2021-12,162594,78.85257032,1.043685723,75.55202549,"Q4,2021",0.126714067,0.002015977,-9.349883807,3618381,2580738,0.713230033,1037643,938436,1025764,1765281,1037643,0.587806134,0.412193866
528,528,528,1535527,10/30/2021,380051,1535527_0.csv,15381,126683.6667,1520204,98.83648657,-0.125493927,1.125493927,0.125443454,0.010447491,1.50E-05,-787.57984,"('Q3', '2021')",https://www.sec.gov/Archives/edgar/data/1535527/000153552721000028/Financial_Report.xlsx,2021-09,164960,96.18658892,1.257398856,76.49648198,"Q3,2021",0.15266413,-0.004432495,-8.188042104,3299617,2340047,0.70918746,959570,463935,948182,1687327,959570,0.568692376,0.431307624
529,529,529,1535527,7/30/2021,337690,1535527_0.csv,13666,112563.3333,1350760,98.84091907,-0.115045692,1.115045692,0.115066222,0.009283,1.33E-05,-859.1448965,"('Q2', '2021')",https://www.sec.gov/Archives/edgar/data/1535527/000153552721000022/Financial_Report.xlsx,2021-06,153861,109.1212766,1.417417311,76.98599118,"Q2,2021",0.172084678,0.001819853,-7.873303203,3136045,2224644,0.709378851,911401,807745,904268,1643040,911401,0.554704085,0.445295915
530,530,530,1535527,4/29/2021,302843,1535527_0.csv,12256,100947.6667,1211372,98.83909922,-0.143070323,1.143070323,0.143110041,0.008325066,1.19E-05,-690.8427782,"('Q1', '2021')",https://www.sec.gov/Archives/edgar/data/1535527/000153552721000013/Financial_Report.xlsx,2021-03,135131,88.09061278,1.680312766,52.42512857,"Q1,2021",0.204005837,0.003434229,-7.842410859,2881171,2027774,0.70380203,853397,807257,849264,1587664,853397,0.537517384,0.462482616
531,531,531,1535527,1/30/2021,264929,1535527_0.csv,10722,88309.66667,1059716,98.83566499,,,,0.007282821,1.04E-05,,"('Q4', '2020')",https://www.sec.gov/Archives/edgar/data/1535527/000153552721000007/Financial_Report.xlsx,2020-12,112449,,,62.55172414,"Q4,2020",,NaN,,2732533,1860659,0.680928282,871874,792879,870574,1608603,871874,0.542006946,0.457993054
532,532,532,1540755,ttm,592176,1540755_0.csv,1700,197392,2368704,1393.355294,0.08993576,0.91006424,2.640150235,0.013779546,1.56E-06,15492.78387,"('-1', 'ttm')",,2021-ttm,377352,,,53.21906355,"-1,ttm",,1045.006258,,,,,,,,,,,
533,533,533,1540755,1/30/2022,162679,1540755_0.csv,1868,54226.33333,650716,348.3490364,-0.047672462,1.047672462,0.047190823,0.003785433,1.72E-06,-7307.133317,"('Q4', '2021')",,2021-12,99742,1173.435294,22.60943976,51.90023753,"Q4,2021",0.77885468,-0.160217664,-6.227129313,832635,569934,0.684494406,262701,796214,262701,262701,262701,1,0
534,534,534,1540755,10/30/2021,155348,1540755_0.csv,1783,51782.66667,621392,348.5092541,-0.076041038,1.076041038,0.076383692,0.004270471,1.74E-06,-4583.173286,"('Q3', '2021')",https://www.sec.gov/Archives/edgar/data/1540755/000154075521000069/Financial_Report.xlsx,2021-09,92859,736.9761905,19.31227246,38.16102906,"Q3,2021",0.664967334,0.110943867,-6.218889219,758488,493408,0.650515236,265080,643623,265080,265080,265080,1,0
535,535,535,1540755,7/30/2021,144324,1540755_0.csv,1657,48108,577296,348.3983102,-0.112080537,1.112080537,0.111681109,0.003967425,1.61E-06,-3108.463965,"('Q2', '2021')",https://www.sec.gov/Archives/edgar/data/1540755/000154075521000034/Financial_Report.xlsx,2021-06,96281,576.5329341,8.538683867,67.52011704,"Q2,2021",0.294100756,-0.125179734,-5.391650296,729542,467650,0.641018612,261892,3961,261892,261892,261892,1,0
536,536,536,1540755,4/29/2021,129825,1540755_0.csv,1490,43275,519300,348.5234899,-0.059743954,1.059743954,0.059579678,0.003568851,1.45E-06,-5833.619367,"('Q1', '2021')",https://www.sec.gov/Archives/edgar/data/1540755/000154075521000006/Financial_Report.xlsx,2021-03,88470,1053.214286,15.46621085,68.09775815,"Q1,2021",0.532516561,-0.05403496,-5.538872237,714501,451804,0.632335014,262697,4240,262697,262697,262697,1,0
537,537,537,1540755,1/30/2021,122525,1540755_0.csv,1406,40841.66667,490100,348.5775249,,,,0.003368177,1.37E-06,,"('Q4', '2020')",https://www.sec.gov/Archives/edgar/data/1540755/000156459021012868/Financial_Report.xlsx,2020-12,83521,,,72.02336066,"Q4,2020",,NaN,,739125,461112,0.623861999,278013,4694,278013,278013,278013,1,0
538,538,538,1556753,ttm,0,1556753_0.csv,0,0,0,,,,,0,0,,"('-1', 'ttm')",,2021-ttm,0,,,73.43791946,"-1,ttm",,,,,,,,,,,,,
539,539,539,1556753,3/30/2021,0,1556753_0.csv,0,0,0,,,,,0,0,,"('Q1', '2021')",https://www.sec.gov/Archives/edgar/data/1556753/000149315221011278/Financial_Report.xlsx,2021-03,0,,,52.00412272,"Q1,2021",,NaN,,561.027,190.006,0.338675322,371.021,6074,371.02,371.021,371.021,1,0
540,540,540,1560327,ttm,535404,1560327_0.csv,9900,178468,2141616,216.3248485,0.75,0.25,0,0.012458499,9.10E-06,288.4331313,"('-1', 'ttm')",,2021-ttm,247453,,,83.28037807,"-1,ttm",,162.2436364,,,,,,,,,,,
541,541,541,1560327,12/30/2021,535404,1560327_0.csv,39600,178468,2141616,54.08121212,-0.301176316,1.301176316,0.301147548,0.0147181,3.86E-05,-179.5666168,"('Q4', '2021')",,2021-12,247453,26.99683613,0.324390576,83.22324415,"Q4,2021",0.071978544,-0.001195712,-6.65139485,1296011,1422006,1.097217539,125995,1860,125995,686068,-125995,-0.183647977,1.183647977
542,542,542,1560327,12/30/2020,411486,1560327_0.csv,30434,137162,1645944,54.08240783,-0.258591456,1.258591456,0.258570961,0.013638235,3.12E-05,-209.1422843,"('Q4', '2020')",https://www.sec.gov/Archives/edgar/data/1560327/000156032721000043/Financial_Report.xlsx,2020-12,195981,31.34191588,0.380976895,82.26723525,"Q4,2020",0.08453253,-0.000880699,-6.672925966,913122,841586,0.921657785,71536,1356,71536,450122,71536,0.158925802,0.841074198
543,543,543,1560327,12/30/2019,326947,1560327_0.csv,24181,108982.3333,1307788,54.08328853,-0.339444968,1.339444968,0.339447173,0.012832396,2.67E-05,-159.3285914,"('Q4', '2019')",,2019-12,157722,25.73792428,0.307806658,83.61717853,"Q4,2019",0.068296141,8.91E-05,-6.190421171,,,,,,,,,,
544,544,544,1560327,12/30/2018,244091,1560327_0.csv,18053,81363.66667,976364,54.08319947,,,,,,,"('Q4', '2018')",,2018-12,123310,,,84.14243303,"Q4,2018",,NaN,,,,,,,,,,,
545,545,545,1561550,ttm,1028784,1561550_0.csv,26044419,342928,4115136,0.158004523,-1.829189303,2.829189303,2.153863604,0.023939127,0.023932034,-0.086379536,"('-1', 'ttm')",,2021-ttm,299497,,,53.3582671,"-1,ttm",,0.016265766,,,,,,,,,,,
546,546,546,1561550,12/30/2021,326198,1561550_0.csv,9205612,108732.6667,1304792,0.141738757,-0.205961047,1.205961047,0.205961078,0.008967088,0.008967087,-0.688182347,"('Q4', '2021')",,2021-12,88905,0.056548581,0.001054873,53.6069983,"Q4,2021",0.089308511,3.60E-09,-12.16975454,2380794,1339591,0.562665649,1041203,308607,1041203,1776685,1041203,0.586036917,0.413963083
547,547,547,1561550,9/29/2021,270488,1561550_0.csv,7633424,90162.66667,1081952,0.141738753,-0.158163797,1.158163797,0.158163811,0.007435636,0.007435636,-0.896151684,"('Q3', '2021')",https://www.sec.gov/Archives/edgar/data/1561550/000156155021000026/Financial_Report.xlsx,2021-09,75827,0.072739011,0.00146584,49.62273885,"Q3,2021",0.124102148,1.75E-09,-12.32009722,2194173,1236761,0.563657013,957412,309462,957412,1692055,957412,0.565827943,0.434172057
548,548,548,1561550,6/29/2021,233549,1561550_0.csv,6590971,77849.66667,934196,0.141738751,-0.176278966,1.176278966,0.176278903,0.006420194,0.006420194,-0.804059354,"('Q2', '2021')",https://www.sec.gov/Archives/edgar/data/1561550/000156155021000018/Financial_Report.xlsx,2021-06,70412,0.071286471,0.001320688,53.9767503,"Q2,2021",0.111813187,-7.52E-09,-11.27926998,2076733,1163854,0.560425437,912879,310371,912879,1646684,912879,0.554374124,0.445625876
549,549,549,1561550,3/30/2021,198549,1561550_0.csv,5603238,66183,794196,0.141738759,0.025308207,0.974691793,0.118390591,0.005458054,0.005458054,5.600505684,"('Q1', '2021')",https://www.sec.gov/Archives/edgar/data/1561550/000156155021000007/Financial_Report.xlsx,2021-03,64353,-0.44231906,-0.007891035,56.05336366,"Q1,2021",-0.668077115,0.018211606,-12.66168744,1952074,1110744,0.569007118,841330,249332,841330,1574298,841330,0.534415975,0.465584025
550,550,550,1561550,12/30/2020,177531,1561550_0.csv,5748728,59177,710124,0.123527152,,,,0.005884063,0.005884061,,"('Q4', '2020')",https://www.sec.gov/Archives/edgar/data/1561550/000156459021009770/Financial_Report.xlsx,2020-12,60034,,,54.13091959,"Q4,2020",,NaN,,1890285,932853,0.493498599,957432,190417,957432,1533296,957432,0.624427377,0.375572623
551,551,551,1566610,ttm,9917,1566610_0.csv,251056,3305.666667,39668,0.158004589,-2.067644184,3.067644184,2.419655172,0.000230762,0.000230694,-0.076417688,"('-1', 'ttm')",,2021-ttm,0,,,63.89670035,"-1,ttm",,0.016264608,,,,,,,,,,,
552,552,552,1566610,9/29/2021,2900,1566610_0.csv,81840,966.6666667,11600,0.14173998,-0.2123726,1.2123726,0.212374582,7.97E-05,7.97E-05,-0.667411805,"('Q3', '2021')",https://www.sec.gov/Archives/edgar/data/1566610/000149315221028528/Financial_Report.xlsx,2021-09,0,0,0,61.99707287,"Q3,2021",0,2.32E-07,#NAME?,35889,21479,0.598484215,14410,190128,14410,15285,14410,0.942754334,0.057245666
553,553,553,1566610,6/29/2021,2392,1566610_0.csv,67504,797.3333333,9568,0.141739749,0.053053896,0.946946104,-0.053048298,6.58E-05,6.58E-05,2.67161812,"('Q2', '2021')",https://www.sec.gov/Archives/edgar/data/1566610/000149315221020173/Financial_Report.xlsx,2021-06,0,0,0,63.66912458,"Q2,2021",0,8.38E-07,#NAME?,36422,22935,0.629701829,13487,275537,13487,14362,13487,0.939075338,0.060924662
554,554,554,1566610,3/30/2021,2526,1566610_0.csv,71286,842,10104,0.141738911,-0.04881709,1.04881709,0.203430205,6.94E-05,6.94E-05,-2.903469046,"('Q1', '2021')",https://www.sec.gov/Archives/edgar/data/1566610/000149315221011251/Financial_Report.xlsx,2021-03,0,0,0,65.49085908,"Q1,2021",0,0.018210191,#NAME?,43594,20496,0.470156444,23098,271843,23098,24063,23098,0.959896937,0.040103063
555,555,555,1566610,12/30/2020,2099,1566610_0.csv,67968,699.6666667,8396,0.123528719,,,,6.96E-05,6.96E-05,,"('Q4', '2020')",https://www.sec.gov/Archives/edgar/data/1566610/000149315221007445/Financial_Report.xlsx,2020-12,0,,,64.51885282,"Q4,2020",,NaN,,32542,21797,0.669811321,10745,269549,10745,12203,10745,0.880521183,0.119478817
556,556,556,1567771,ttm,0,1567771_0.csv,0,0,0,,,,,0,0,,"('-1', 'ttm')",,2021-ttm,0,,,62.45601689,"-1,ttm",,,,,,,,,,,,,
557,557,557,1567771,3/30/2021,0,1567771_0.csv,0,0,0,,,,,0,0,,"('Q1', '2021')",https://www.sec.gov/Archives/edgar/data/1567771/000149315221014247/Financial_Report.xlsx,2021-03,0,,,78.60159493,"Q1,2021",,,,849.821,4754,5.594119232,3904,7933,3904,3754,-3904.179,-1.040005061,2.040005061
558,558,558,1567771,12/30/2020,0,1567771_0.csv,0,0,0,,,,,0,0,,"('Q4', '2020')",https://www.sec.gov/Archives/edgar/data/1567771/000149315221013331/Financial_Report.xlsx,2020-12,0,,,79.93236264,"Q4,2020",,NaN,,803.276,4442,5.529855243,3639,7875,3639,3639,-3638.724,-0.999924155,1.999924155
559,559,559,1567900,ttm,5468,1567900_0.csv,100000,1822.666667,21872,0.21872,0.071331061,0.928668939,2.714673913,0.000127237,9.19E-05,3.066265892,"('-1', 'ttm')",,2021-ttm,1142,,,79.81334149,"-1,ttm",,0.164039973,,,,,,,,,,,
560,560,560,1567900,9/29/2021,1472,1567900_0.csv,107681,490.6666667,5888,0.054680027,-0.005471777,1.005471777,0.005464481,4.05E-05,0.000104891,-9.993101543,"('Q3', '2021')",https://www.sec.gov/Archives/edgar/data/1567900/000143774921026767/Financial_Report.xlsx,2021-09,286.057,0.488151877,0.006342608,76.96389941,"Q3,2021",1.391939711,-3.97E-07,-20.47129594,1078,2799,2.596474954,1722,9199,1725,791.432,-1721,-2.174539316,3.174539316
561,561,561,1567900,6/29/2021,1464,1567900_0.csv,107095,488,5856,0.054680424,0.017450022,0.982549978,-0.017449664,4.02E-05,0.00010432,3.133544777,"('Q2', '2021')",https://www.sec.gov/Archives/edgar/data/1567900/000143774921020157/Financial_Report.xlsx,2021-06,347.188,-0.182538381,-0.002364196,77.2094889,"Q2,2021",-0.518839329,1.99E-08,-17.16649817,1249,2898,2.320256205,1649,7964,1654,732.304,-1649,-2.251797068,3.251797068
562,562,562,1567900,3/30/2021,1490,1567900_0.csv,108997,496.6666667,5960,0.054680404,-0.428569556,1.428569556,0.428571429,4.10E-05,0.000106173,-0.127588167,"('Q1', '2021')",https://www.sec.gov/Archives/edgar/data/1567900/000143774921012445/Financial_Report.xlsx,2021-03,207.312,0.00634001,8.07E-05,78.51568111,"Q1,2021",0.017720791,7.17E-08,-20.12428353,1527,2954,1.934512115,1427,9516,1432,523.731,-1427,-2.724681182,3.724681182
563,563,563,1567900,12/30/2020,1043,1567900_0.csv,76298,347.6666667,4172,0.054680332,,,,3.46E-05,7.81E-05,,"('Q4', '2020')",https://www.sec.gov/Archives/edgar/data/1567900/000143774921007800/Financial_Report.xlsx,2020-12,301.071,,,74.27831752,"Q4,2020",,NaN,,1158,2916,2.518134715,1758,23299,1763,867.606,-1758,-2.026265379,3.026265379
564,564,564,1568100,ttm,262171,1568100_0.csv,11000,87390.33333,1048684,95.33490909,0.086606327,0.913393673,2.653442029,0.006100547,1.01E-05,1100.784574,"('-1', 'ttm')",,2021-ttm,152108,,,75.97976807,"-1,ttm",,71.50031638,,,,,,,,,,,
565,565,565,1568100,10/30/2021,71760,1568100_0.csv,12043,23920,287040,23.83459271,-0.062555144,1.062555144,0.062544421,0.001972661,1.17E-05,-381.0173114,"('Q3', '2021')",https://www.sec.gov/Archives/edgar/data/1568100/000156810021000047/Financial_Report.xlsx,2021-09,40176,56.66572638,0.763553839,74.21313797,"Q3,2021",0.384426375,-0.000240536,-6.72394648,782086,508697,0.650436141,273389,4528,273389,554004,273389,0.493478386,0.506521614
566,566,566,1568100,7/30/2021,67536,1568100_0.csv,11334,22512,270144,23.83483325,-0.062031484,1.062031484,0.062037081,0.001856545,1.10E-05,-384.2376743,"('Q2', '2021')",https://www.sec.gov/Archives/edgar/data/1568100/000156810021000037/Financial_Report.xlsx,2021-06,40814,61.65256798,0.828394622,74.42415283,"Q2,2021",0.417067548,0.000125599,-6.232306081,778512,493340,0.633696077,285172,4924,285172,565334,285172,0.504431009,0.495568991
567,567,567,1568100,4/29/2021,63591,1568100_0.csv,10672,21197,254364,23.83470765,-0.07267062,1.07267062,0.072650294,0.001748098,1.04E-05,-327.9827197,"('Q1', '2021')",https://www.sec.gov/Archives/edgar/data/1568100/000156810021000029/Financial_Report.xlsx,2021-03,37234,51.49930844,0.71242015,72.28783241,"Q1,2021",0.358680372,-0.000451666,-6.368682021,775355,481299,0.620746626,294056,5181,294056,573759,294056,0.512507865,0.487492135
568,568,568,1568100,1/30/2021,59284,1568100_0.csv,9949,19761.33333,237136,23.83515931,,,,0.0016297,9.69E-06,,"('Q4', '2020')",https://www.sec.gov/Archives/edgar/data/1568100/000156810021000011/Financial_Report.xlsx,2020-12,33884,,,69.71234639,"Q4,2020",,NaN,,795443,428716,0.53896508,366727,5260,366727,584255,366727,0.627683118,0.372316882
569,569,569,1576169,ttm,263097,1576169_0.csv,20000000,87699,1052388,0.0526194,0.124224391,0.875775609,2.503102365,0.006122094,0.01837786,0.423583481,"('-1', 'ttm')",,2021-ttm,46385,,,84.66297308,"-1,ttm",,0.03946455,,,,,,,,,,,
570,570,570,1576169,12/30/2021,75104,1576169_0.csv,22836900,25034.66667,300416,0.01315485,-0.210847057,1.210847057,0.210847064,0.002064587,0.022245178,-0.062390486,"('Q4', '2021')",,2021-12,11904,0.002993488,3.58E-05,83.67533844,"Q4,2021",0.032634381,7.87E-11,-20.84207002,260841,257965,0.988974126,2876,105715,76317,110157,2876,0.026108191,0.973891809
571,571,571,1576169,9/29/2021,62026,1576169_0.csv,18860268,20675.33333,248104,0.01315485,-0.018422439,1.018422439,0.018422435,0.001705077,0.018371584,-0.714066716,"('Q3', '2021')",https://www.sec.gov/Archives/edgar/data/1576169/000156459021054582/Financial_Report.xlsx,2021-09,12669,0.037134307,0.000445572,83.34074959,"Q3,2021",0.406455736,-4.18E-11,-19.2292998,252405,254430,1.00802282,2025,97393,81218,103612,-2025,-0.019544068,1.019544068
572,572,572,1576169,6/29/2021,60904,1576169_0.csv,18519101,20301.33333,243616,0.01315485,0.063922631,0.936077369,-0.06392266,0.001674233,0.018039257,0.205793318,"('Q2', '2021')",https://www.sec.gov/Archives/edgar/data/1576169/000156459021041019/Financial_Report.xlsx,2021-06,10921,-0.008635741,-0.00010164,84.96361699,"Q2,2021",-0.092717553,-4.08E-10,-23.83041772,352296,335794,0.953158707,16502,100364,62691,206591,16502,0.079877633,0.920122367
573,573,573,1576169,3/30/2021,65063,1576169_0.csv,19783729,21687.66667,260252,0.013154851,0.146490899,0.853509101,-0.146490883,0.001788563,0.019271117,0.089799781,"('Q1', '2021')",https://www.sec.gov/Archives/edgar/data/1576169/000156459021024356/Financial_Report.xlsx,2021-03,10891,-0.003207429,-3.70E-05,86.67403875,"Q1,2021",-0.033756966,2.46E-10,-27.99742959,361694,333115,0.920985695,28579,102909,50614,215755,28579,0.13246043,0.86753957
574,574,574,1576169,12/30/2020,76230,1576169_0.csv,23179283,25410,304920,0.01315485,,,,0.002526557,0.023724957,,"('Q4', '2020')",https://www.sec.gov/Archives/edgar/data/1576169/000156459021011839/Financial_Report.xlsx,2020-12,12347,,,85.05071352,"Q4,2020",,NaN,,362372,331774,0.915561909,30598,106016,48595,214906,30598,0.142378528,0.857621472
575,575,575,1576914,ttm,141530,1576914_0.csv,750000,47176.66667,566120,0.754826667,0.0229337,0.9770663,2.908264988,0.00329331,0.00068917,32.91342698,"('-1', 'ttm')",,2021-ttm,14680,,,65.75041231,"-1,ttm",,0.56611999,,,,,,,,,,,
576,576,576,1576914,12/30/2021,36213,1576914_0.csv,767604,12071,144852,0.188706677,-0.003854016,1.003854016,0.003853191,0.000995485,0.000747715,-48.96365165,"('Q4', '2021')",,2021-12,4027,1.366474381,0.021393395,63.8736565,"Q4,2021",1.360422151,-1.55E-07,-35.83210366,172100,52664,0.306008135,119436,29155,119431,119431,119436,1.000041865,-4.19E-05
577,577,577,1576914,9/29/2021,36074,1576914_0.csv,764657,12024.66667,144296,0.188706832,-0.03369743,1.03369743,0.033698206,0.000991664,0.000744844,-5.600036298,"('Q3', '2021')",https://www.sec.gov/Archives/edgar/data/1576914/000162828021021908/Financial_Report.xlsx,2021-09,3872,0.155333574,0.002382788,65.18984903,"Q3,2021",0.151523147,1.42E-07,-36.05167996,173211,48941,0.282551339,124270,29590,124265,124265,124270,1.000040237,-4.02E-05
578,578,578,1576914,6/29/2021,34898,1576914_0.csv,739730,11632.66667,139592,0.18870669,-0.016101471,1.016101471,0.016101325,0.000959336,0.000720563,-11.71984134,"('Q2', '2021')",https://www.sec.gov/Archives/edgar/data/1576914/000162828021015706/Financial_Report.xlsx,2021-06,3512,0.299607575,0.004628148,64.73595261,"Q2,2021",0.294307409,-2.72E-08,-39.11730643,179329,50434,0.281237279,128895,30025,128890,128890,128895,1.000038793,-3.88E-05
579,579,579,1576914,3/30/2021,34345,1576914_0.csv,728008,11448.33333,137380,0.188706718,-0.007067377,1.007067377,0.00706662,0.000944134,0.000709145,-26.70109559,"('Q1', '2021')",,2021-03,3269,0.639851243,0.009247962,69.18834956,"Q1,2021",0.588084771,-1.42E-07,-41.73016133,171146,47747,0.278984025,123399,30459,123394,123394,123399,1.000040521,-4.05E-05
580,580,580,1576914,12/30/2020,34104,1576914_0.csv,722899,11368,136416,0.188706859,,,,0.001130338,0.000739917,,"('Q4', '2020')",https://www.sec.gov/Archives/edgar/data/1576914/000162828021012152/Financial_Report.xlsx,2020-12,2882,,,63.40985041,"Q4,2020",,NaN,,173549,50427,0.290563472,123122,30894,123117,123117,123122,1.000040612,-4.06E-05
581,581,581,1580808,ttm,250042,1580808_0.csv,6329996,83347.33333,1000168,0.158004523,-2.173883286,3.173883286,2.538113229,0.005818313,0.005816589,-0.072683076,"('-1', 'ttm')",,2021-ttm,85651,,,48.02011677,"-1,ttm",,0.016265725,,,,,,,,,,,
582,582,582,1580808,12/30/2021,70671,1580808_0.csv,1994401,23557,282684,0.141738798,-0.081257455,1.081257455,0.08125765,0.001942725,0.001942725,-1.744317474,"('Q4', '2021')",,2021-12,25456,0.169841408,0.003586545,47.35516373,"Q4,2021",0.303646821,2.56E-08,-10.27027213,393085,184197,0.468593307,208888,78327,208888,208888,208888,1,0
583,583,583,1580808,9/29/2021,65360,1580808_0.csv,1844520,21786.66667,261440,0.141738772,-0.104651163,1.104651163,0.104651163,0.001796727,0.001796727,-1.354392712,"('Q3', '2021')",https://www.sec.gov/Archives/edgar/data/1580808/000158080821000177/Financial_Report.xlsx,2021-09,21354,0.122201621,0.002520802,48.47727273,"Q3,2021",0.213418158,0,-11.08326309,374445,170850,0.456275287,203595,74413,203595,203595,203595,1,0
584,584,584,1580808,6/29/2021,59168,1580808_0.csv,1669776,19722.66667,236672,0.141738772,-0.07886181,1.07886181,0.078861477,0.001626511,0.001626511,-1.797305601,"('Q2', '2021')",https://www.sec.gov/Archives/edgar/data/1580808/000158080821000114/Financial_Report.xlsx,2021-06,19749,0.161802779,0.003419182,47.32206617,"Q2,2021",0.28947753,-4.37E-08,-11.10800205,296138,171633,0.579571011,124505,74750,124505,124505,124505,1,0
585,585,585,1580808,3/30/2021,54843,1580808_0.csv,1547720,18281,219372,0.141738816,0.237150211,0.762849789,-0.124682787,0.001507618,0.001507617,0.597675268,"('Q1', '2021')",https://www.sec.gov/Archives/edgar/data/1580808/000158080821000077/Financial_Report.xlsx,2021-03,19092,-0.039680263,-0.000811403,48.9032556,"Q1,2021",-0.068695647,0.018211683,-15.06228076,291580,166921,0.572470677,124659,76495,124659,124659,124659,1,0
586,586,586,1580808,12/30/2020,62655,1580808_0.csv,2028866,20885,250620,0.123527133,,,,0.002076629,0.002076628,,"('Q4', '2020')",https://www.sec.gov/Archives/edgar/data/1580808/000158080821000043/Financial_Report.xlsx,2020-12,20079,,,48.88013783,"Q4,2020",,NaN,,290811,174837,0.601204906,115974,177446,115974,115974,115974,1,0
587,587,587,1585521,ttm,4099864,1585521_0.csv,504900,1366621.333,16399456,32.4806021,0.043316956,0.956683044,2.826727498,0.09540114,0.000463949,749.8357484,"('-1', 'ttm')",,2021-ttm,1135959,,,74.8323634,"-1,ttm",,24.36044165,,,,,,,,,,,
588,588,588,1585521,1/30/2022,1071376,1585521_0.csv,527761,357125.3333,4285504,8.120160451,-0.01962311,1.01962311,0.019623966,0.024930215,0.000484956,-413.8059988,"('Q4', '2021')",,2021-12,325415,32.03849562,0.423498755,75.65192407,"Q4,2021",0.625847862,6.82E-06,-12.91589979,7551318,1771300,0.234568323,5780018,1822800,5780018,5780018,5780018,1,0
589,589,589,1585521,10/30/2021,1050756,1585521_0.csv,517604,350252,4203024,8.120153631,-0.028645243,1.028645243,0.02864527,0.028884976,0.000504192,-283.4730197,"('Q3', '2021')",https://www.sec.gov/Archives/edgar/data/1585521/000158552121000295/Financial_Report.xlsx,2021-09,293698,20.37588456,0.273041901,74.62548604,"Q3,2021",0.403502564,2.10E-07,-13.91218226,6978971,1865286,0.267272353,5113685,1590900,5113685,5113685,5113685,1,0
590,590,590,1585521,7/30/2021,1021495,1585521_0.csv,503190,340498.3333,4085980,8.120153421,-0.068246423,1.068246423,0.068244588,0.0280806,0.000490152,-118.9828422,"('Q2', '2021')",https://www.sec.gov/Archives/edgar/data/1585521/000158552121000048/Financial_Report.xlsx,2021-06,271179,8.435592746,0.115752437,72.8761567,"Q2,2021",0.171059483,-1.40E-05,-14.10485852,6508593,1850845,0.284369448,4657748,1593600,4657748,4657748,4657748,1,0
591,591,591,1585521,4/29/2021,956237,1585521_0.csv,471043,318745.6667,3824948,8.120167373,-0.08357238,1.08357238,0.083573092,0.026286676,0.000458838,-97.16328982,"('Q1', '2021')",https://www.sec.gov/Archives/edgar/data/1585521/000158552121000131/Financial_Report.xlsx,2021-03,245667,6.76209744,0.088690705,76.2435864,"Q1,2021",0.131067306,5.34E-06,-14.36880948,5888611,1695878,0.287992873,4192733,2089700,4192733,4192733,4192733,1,0
592,592,592,1585521,1/30/2021,882485,1585521_0.csv,434713,294161.6667,3529940,8.120162038,,,,0.024259255,0.000423449,,"('Q4', '2020')",,2020-12,214018,,,76.57439747,"Q4,2020",,NaN,,5297993,1437226,0.271277444,3860767,2653800,3860767,3860767,3860767,1,0
593,593,593,1590955,ttm,1055524,1590955_0.csv,17000,351841.3333,4222096,248.3585882,0.07402364,0.92597636,2.703774922,0.02456135,1.56E-05,3355.125328,"('-1', 'ttm')",,2021-ttm,275994,,,80.80829105,"-1,ttm",,186.2667532,,,,,,,,,,,
594,594,594,1590955,12/30/2021,284986,1590955_0.csv,18359,94995.33333,1139944,62.09183507,-0.112396995,1.112396995,0.112383584,0.007834182,1.79E-05,-552.4332323,"('Q4', '2021')",,2021-12,75509,40.70566038,0.459243988,88.63624,"Q4,2021",0.088754469,-0.000748549,-13.57141064,3215145,2321431,0.722029955,893714,132621,893714,921094,893714,0.970274478,0.029725522
595,595,595,1590955,9/29/2021,256194,1590955_0.csv,16504,85398,1024776,62.09258362,-0.05801654,1.05801654,0.058014586,0.007042698,1.61E-05,-1070.256588,"('Q3', '2021')",https://www.sec.gov/Archives/edgar/data/1590955/000156459021054471/Financial_Report.xlsx,2021-09,69745,77.06629834,1.036348898,74.36327522,"Q3,2021",0.200284576,-0.000114634,-13.88747884,4218038,3392697,0.804330592,825341,133019,825341,853156,825341,0.967397522,0.032602478
596,596,596,1590955,6/29/2021,242146,1590955_0.csv,15599,80715.33333,968584,62.09269825,0.110407756,0.889592244,-0.110404926,0.006656523,1.52E-05,562.3943511,"('Q2', '2021')",https://www.sec.gov/Archives/edgar/data/1590955/000156459021041585/Financial_Report.xlsx,2021-06,67979,-35.11311983,-0.482563563,72.76371967,"Q2,2021",-0.093259963,0.000197537,-16.01664431,3233087,2440831,0.754953702,792256,131880,792256,820506,792256,0.965570026,0.034429974
597,597,597,1590955,3/30/2021,272198,1590955_0.csv,17535,90732.66667,1088792,62.09250071,-0.231909512,1.231909512,0.231960606,0.007482644,1.71E-05,-267.7445184,"('Q1', '2021')",https://www.sec.gov/Archives/edgar/data/1590955/000156459021024960/Financial_Report.xlsx,2021-03,62761,19.01272342,0.258193123,73.6376059,"Q1,2021",0.049898417,0.002575182,-14.08238644,3406773,2661297,0.781178259,745476,134868,745476,774160,745476,0.962948228,0.037051772
598,598,598,1590955,12/30/2020,220947,1590955_0.csv,14234,73649,883788,62.08992553,,,,0.007323037,1.46E-05,,"('Q4', '2020')",https://www.sec.gov/Archives/edgar/data/1590955/000156459021006660/Financial_Report.xlsx,2020-12,62488,,,75.6391961,"Q4,2020",,NaN,,2607912,1952269,0.748594661,655643,137749,655643,684762,655643,0.957475736,0.042524264
599,599,599,1591698,ttm,731238,1591698_0.csv,18511824,243746,2924952,0.158004527,-2.346106815,3.346106815,2.730101971,0.017015428,0.017010385,-0.067347542,"('-1', 'ttm')",,2021-ttm,188463,,,79.40773867,"-1,ttm",,0.016265768,,,,,,,,,,,
600,600,600,1591698,12/30/2021,196037,1591698_0.csv,5532347,65345.66667,784148,0.141738759,-0.078922565,1.078922565,0.078922602,0.005389,0.005389,-1.795921858,"('Q4', '2021')",,2021-12,52219,0.129035207,0.001600122,80.64084284,"Q4,2021",0.135470828,4.87E-09,-13.91807627,2588590,2081897,0.804259075,506693,195082,506693,506693,506693,1,0
601,601,601,1591698,9/29/2021,181697,1591698_0.csv,5127659,60565.66667,726788,0.141738754,-0.085075767,1.085075767,0.085075634,0.004994798,0.004994797,-1.666029704,"('Q3', '2021')",https://www.sec.gov/Archives/edgar/data/1591698/000155837021014749/Financial_Report.xlsx,2021-09,49885,0.124080928,0.001580994,78.48286867,"Q3,2021",0.133851363,-1.73E-08,-13.42696037,3811537,3343964,0.877326916,467573,-,467573,467573,467573,1,0
602,602,602,1591698,6/29/2021,167451,1591698_0.csv,4725623,55817,669804,0.141738772,0.099982307,0.900017693,-0.099982263,0.004603179,0.004603178,1.417638544,"('Q2', '2021')",https://www.sec.gov/Archives/edgar/data/1591698/000155837021010711/Financial_Report.xlsx,2021-06,46304,-0.088203807,-0.001103872,79.90402334,"Q2,2021",-0.093456877,6.87E-09,-16.07230555,2414885,1937955,0.802504053,476930,-,476930,476930,476930,1,0
603,603,603,1591698,3/30/2021,186053,1591698_0.csv,5250589,62017.66667,744212,0.141738765,-0.108102826,1.108102826,0.271470454,0.005114543,0.005114542,-1.311147634,"('Q1', '2021')",https://www.sec.gov/Archives/edgar/data/1591698/000155837021006389/Financial_Report.xlsx,2021-03,40055,0.078197294,0.000997637,78.38250491,"Q1,2021",0.084462745,0.018211611,-16.76717395,2663552,2208943,0.829322273,454609,-,454609,454609,454609,1,0
604,604,604,1591698,12/30/2020,146329,1591698_0.csv,4738359,48776.33333,585316,0.123527154,,,,0.004849908,0.004849907,,"('Q4', '2020')",https://www.sec.gov/Archives/edgar/data/1591698/000155837021000761/Financial_Report.xlsx,2020-12,37775,,,79.51567922,"Q4,2020",,NaN,,2850963,2442745,0.856813996,408218,-,408218,508218,408218,0.803234045,0.196765955
605,605,605,1609702,ttm,1729900,1609702_0.csv,30000,576633.3333,6919600,230.6533333,0.009672201,0.990327799,2.961300664,0.040253636,2.76E-05,23847.03559,"('-1', 'ttm')",,2021-ttm,0,,,23.54593208,"-1,ttm",,172.9898467,,,,,,,,,,,
606,606,606,1609702,12/30/2021,436700,1609702_0.csv,30293,145566.6667,1746800,57.66348661,0.007470266,0.992529734,-0.0075,0.012004756,2.95E-05,7719.066995,"('Q4', '2021')",,2021-12,0,0,0,25.89496459,"Q4,2021",0,-0.001727501,#NAME?,2836500,2420100,0.853199365,416400,1381222,402400,2219400,416400,0.187618275,0.812381725
607,607,607,1609702,9/29/2021,440000,1609702_0.csv,30521,146666.6667,1760000,57.66521411,-0.047355959,1.047355959,0.047369674,0.012095472,2.97E-05,-1217.697105,"('Q3', '2021')",https://www.sec.gov/Archives/edgar/data/1609702/000160970221000078/Financial_Report.xlsx,2021-09,0,0,0,27.45005775,"Q3,2021",0,0.000755105,#NAME?,2635100,2173800,0.82494023,461300,1382552,447400,2033500,461300,0.226850258,0.773149742
608,608,608,1609702,6/29/2021,420100,1609702_0.csv,29141,140033.3333,1680400,57.66445901,0.030023633,0.969976367,-0.030016163,0.011548427,2.84E-05,1920.635634,"('Q2', '2021')",https://www.sec.gov/Archives/edgar/data/1609702/000160970221000058/Financial_Report.xlsx,2021-06,0,0,0,25.58640498,"Q2,2021",0,0.000444098,#NAME?,2712600,2217700,0.817555113,494900,1184963,480800,2067300,494900,0.239394379,0.760605621
609,609,609,1609702,3/30/2021,433100,1609702_0.csv,30043,144366.6667,1732400,57.66401491,-0.06595941,1.06595941,0.065961112,0.011905793,2.93E-05,-874.2348554,"('Q1', '2021')",https://www.sec.gov/Archives/edgar/data/1609702/000160970221000038/Financial_Report.xlsx,2021-03,0,0,0,11.17911057,"Q1,2021",0,9.21E-05,#NAME?,3321800,2856100,0.859804925,465700,1176766,450400,2039800,465700,0.228306697,0.771693303
610,610,610,1609702,12/30/2020,406300,1609702_0.csv,28184,135433.3333,1625200,57.66392279,,,,0.013466351,2.88E-05,,"('Q4', '2020')",https://www.sec.gov/Archives/edgar/data/1609702/000160970221000005/Financial_Report.xlsx,2020-12,0,,,77.94955766,"Q4,2020",,NaN,,2935400,3360600,1.14485249,425200,1160818,438500,1895000,-425200,-0.224379947,1.224379947
611,611,611,1614178,ttm,390577,1614178_0.csv,2500,130192.3333,1562308,624.9232,0.03250774,0.96749226,2.869704355,0.00908847,2.30E-06,19223.82796,"('-1', 'ttm')",,2021-ttm,230467,,,74.35782856,"-1,ttm",,468.6817139,,,,,,,,,,,
612,612,612,1614178,1/30/2022,100932,1614178_0.csv,2584,33644,403728,156.2414861,-0.014128728,1.014128728,0.014096394,0.002348621,2.37E-06,-11058.42518,"('Q4', '2021')",,2021-12,58175,1615.972222,20.4349032,79.07902505,"Q4,2021",1.569486086,-0.00498175,-6.843202518,620335,408465,0.658458736,211870,23932,211870,211870,211870,1,0
613,613,613,1614178,10/30/2021,99529,1614178_0.csv,2548,33176.33333,398116,156.2464678,-0.01433121,1.01433121,0.014318617,0.002736023,2.48E-06,-10902.53131,"('Q3', '2021')",https://www.sec.gov/Archives/edgar/data/1614178/000161417821000251/Financial_Report.xlsx,2021-09,58548,1626.333333,20.52937974,79.21979883,"Q3,2021",1.576692007,-0.001939825,-6.703749524,556205,341192,0.613428502,215013,18877,215013,215013,215013,1,0
614,614,614,1614178,7/30/2021,98124,1614178_0.csv,2512,32708,392496,156.2484076,-0.066666667,1.066666667,0.06665797,0.0026974,2.45E-06,-2343.726115,"('Q2', '2021')",https://www.sec.gov/Archives/edgar/data/1614178/000161417821000211/Financial_Report.xlsx,2021-06,58578,373.1082803,4.653630675,80.17573939,"Q2,2021",0.357402478,-0.001273885,-6.281624501,568744,352165,0.619197741,216579,20600,216579,216579,216579,1,0
615,615,615,1614178,4/29/2021,91992,1614178_0.csv,2355,30664,367968,156.2496815,0.002118644,0.997881356,-0.002191032,0.002528833,2.29E-06,73749.84968,"('Q1', '2021')",https://www.sec.gov/Archives/edgar/data/1614178/000161417821000112/Financial_Report.xlsx,2021-03,55166,-11033.2,-144.5638375,76.32060821,"Q1,2021",-11.10252535,-0.01133542,-6.684357184,598673,377498,0.630557917,221175,24648,221175,221175,221175,1,0
616,616,616,1614178,1/30/2021,92194,1614178_0.csv,2360,30731.33333,368776,156.2610169,,,,0.002534386,2.30E-06,,"('Q4', '2020')",https://www.sec.gov/Archives/edgar/data/1614178/000161417821000065/Financial_Report.xlsx,2020-12,57202,,,73.74850212,"Q4,2020",,NaN,,595989,388754,0.652283851,207235,348407,207235,207235,207235,1,0
617,617,617,1615165,ttm,115305,1615165_0.csv,1500,38435,461220,307.48,0.477169746,0.522830254,1.090790404,0.002683072,1.38E-06,644.3828488,"('-1', 'ttm')",,2021-ttm,28935,,,76.268474,"-1,ttm",,230.5904915,,,,,,,,,,,
618,618,618,1615165,12/30/2021,55149,1615165_0.csv,2869,18383,220596,76.88950854,-1.435483871,2.435483871,1.434297065,0.00151603,2.79E-06,-53.56347786,"('Q4', '2021')",,2021-12,11349,6.711413365,0.093547062,71.74371083,"Q4,2021",0.014599713,-0.037486367,-7.980953481,504752,424173,0.840359226,80579,348780,80579,275661,80579,0.292311934,0.707688066
619,619,619,1615165,9/29/2021,22655,1615165_0.csv,1178,7551.666667,90620,76.92699491,-0.179179179,1.179179179,0.179579298,0.000622779,1.15E-06,-429.3299883,"('Q3', '2021')",https://www.sec.gov/Archives/edgar/data/1615165/000156459021056915/Financial_Report.xlsx,2021-09,5906,32.99441341,0.451488124,73.07924985,"Q3,2021",0.07042856,0.026094006,-13.01220249,291196,183530,0.630262778,107666,14273,107666,107666,107666,1,0
620,620,620,1615165,6/29/2021,19206,1615165_0.csv,999,6402,76824,76.9009009,-0.050473186,1.050473186,0.049795026,0.000527967,9.73E-07,-1523.599099,"('Q2', '2021')",https://www.sec.gov/Archives/edgar/data/1615165/000156459021041111/Financial_Report.xlsx,2021-06,5253,109.4375,1.495628256,73.17159164,"Q2,2021",0.23338529,-0.049677438,-13.92209342,186927,106700,0.570811065,80227,15074,80227,80227,80227,1,0
621,621,621,1615165,3/30/2021,18295,1615165_0.csv,951,6098.333333,73180,76.95057834,-0.086857143,1.086857143,0.087822571,0.000502924,9.26E-07,-885.9441585,"('Q1', '2021')",https://www.sec.gov/Archives/edgar/data/1615165/000156459021024339/Financial_Report.xlsx,2021-03,6427,84.56578947,1.159233455,72.94974889,"Q1,2021",0.180775788,0.068292624,-10.47638961,190947,105154,0.550697314,85793,15845,85793,85793,85793,1,0
622,622,622,1615165,12/30/2020,16818,1615165_0.csv,875,5606,67272,76.88228571,,,,0.000557413,8.96E-07,,"('Q4', '2020')",https://www.sec.gov/Archives/edgar/data/1615165/000156459021011303/Financial_Report.xlsx,2020-12,4761,,,62.40278449,"Q4,2020",,NaN,,177654,89444,0.503473043,88210,418784,88210,88210,88210,1,0
623,623,623,1618732,ttm,1526826,1618732_0.csv,19000,508942,6107304,321.4370526,0.075920432,0.924079568,2.696190336,0.035528237,1.75E-05,4233.867546,"('-1', 'ttm')",,2021-ttm,1025813,,,65.03671432,"-1,ttm",,241.075008,,,,,,,,,,,
624,624,624,1618732,1/30/2022,413081,1618732_0.csv,20561,137693.6667,1652324,80.36204465,-0.091290271,1.091290271,0.091314261,0.009612123,1.89E-05,-880.2914437,"('Q4', '2021')",,2021-12,241633,140.4843023,2.199045684,63.88421276,"Q4,2021",0.328370791,0.001766531,-6.266119624,2315590,3041207,1.313361605,725617,414509,725617,400844,-725617,-1.81022293,2.81022293
625,625,625,1618732,10/30/2021,378517,1618732_0.csv,18841,126172.3333,1514068,80.36027812,0.031211436,0.968788564,-0.031232084,0.010405322,1.84E-05,2574.706242,"('Q3', '2021')",https://www.sec.gov/Archives/edgar/data/1618732/000095017021005015/Financial_Report.xlsx,2021-09,250033,-411.9159802,-6.751248276,61.01330649,"Q3,2021",-1.008147075,-0.001712833,-6.250561681,2254566,2953305,1.309921732,698739,415317,698739,562917,-698739,-1.241282463,2.241282463
626,626,626,1618732,7/30/2021,390720,1618732_0.csv,19448,130240,1562880,80.36199095,-0.134126429,1.134126429,0.13413912,0.010740779,1.89E-05,-599.1510525,"('Q2', '2021')",https://www.sec.gov/Archives/edgar/data/1618732/000095017021001852/Financial_Report.xlsx,2021-06,270789,117.7343478,2.048449509,57.47485955,"Q2,2021",0.305883339,0.000899278,-5.089008124,2277496,3289537,1.444365654,1012041,415929,1012041,43653,-1012041,-23.18376744,24.18376744
627,627,627,1618732,4/29/2021,344508,1618732_0.csv,17148,114836,1378032,80.36109167,0.005394119,0.994605881,-0.005410212,0.009470425,1.67E-05,14897.90948,"('Q1', '2021')",https://www.sec.gov/Archives/edgar/data/1618732/000095017021000299/Financial_Report.xlsx,2021-03,263358,-2831.806452,-50.1445706,56.47284278,"Q1,2021",-7.487887915,-0.0013003,-5.260920806,2265551,3012325,1.329621359,746774,364187,746774,291239,-746774,-2.564127744,3.564127744
628,628,628,1618732,1/30/2021,346382,1618732_0.csv,17241,115460.6667,1385528,80.36239197,,,,0.00952194,1.68E-05,,"('Q4', '2020')",https://www.sec.gov/Archives/edgar/data/1618732/000156459021010978/Financial_Report.xlsx,2020-12,261071,,,67.65802788,"Q4,2020",,NaN,,2311452,3069844,1.32810199,758392,206297,758392,253333,-758392,-2.993656571,3.993656571
629,629,629,1624512,ttm,173049,1624512_0.csv,4380861,57683,692196,0.158004557,-1.544494343,2.544494343,1.836496853,0.004026736,0.004025542,-0.102301803,"('-1', 'ttm')",,2021-ttm,0,,,66.06809945,"-1,ttm",,0.016265742,,,,,,,,,,,
630,630,630,1624512,9/29/2021,61008,1624512_0.csv,1721702,20336,244032,0.141738814,-0.304872291,1.304872291,0.30487231,0.001677092,0.001677091,-0.464912091,"('Q3', '2021')",https://www.sec.gov/Archives/edgar/data/1624512/000149315221027853/Financial_Report.xlsx,2021-09,0,0,0,67.13106295,"Q3,2021",0,2.15E-09,#NAME?,173640,90204,0.519488597,83436,203891,54927,83436,83436,1,0
631,631,631,1624512,6/29/2021,46754,1624512_0.csv,1319441,15584.66667,187016,0.141738812,-0.39881538,1.39881538,0.398815223,0.001285254,0.001285253,-0.355399564,"('Q2', '2021')",https://www.sec.gov/Archives/edgar/data/1624512/000149315221019511/Financial_Report.xlsx,2021-06,0,0,0,66.38738295,"Q2,2021",0,-1.59E-08,#NAME?,155297,75648,0.487118232,79649,194897,51140,82041,79649,0.970843846,0.029156154
632,632,632,1624512,3/30/2021,33424,1624512_0.csv,943256,11141.33333,133696,0.141738828,0.085791158,0.914208842,0.048990993,0.000918816,0.000918816,1.65213796,"('Q1', '2021')",https://www.sec.gov/Archives/edgar/data/1624512/000149315221011283/Financial_Report.xlsx,2021-03,0,0,0,71.60589461,"Q1,2021",0,0.018211657,#NAME?,139740,63510,0.454486904,76230,200530,47354,81162,76230,0.939232646,0.060767354
633,633,633,1624512,12/30/2020,31863,1624512_0.csv,1031773,10621,127452,0.123527171,,,,0.001056063,0.001056062,,"('Q4', '2020')",https://www.sec.gov/Archives/edgar/data/1624512/000149315221007447/Financial_Report.xlsx,2020-12,0,,,73.49682376,"Q4,2020",,NaN,,139953,66610,0.475945496,73343,204537,44467,81174,73343,0.903528223,0.096471777
634,634,634,1626450,ttm,219855,1626450_0.csv,60000,73285,879420,14.657,0.153056759,0.846943241,2.387752901,0.005115881,5.51E-05,95.76186028,"('-1', 'ttm')",,2021-ttm,99350,,,69.5120216,"-1,ttm",,10.9927283,,,,,,,,,,,
635,635,635,1626450,12/30/2021,64897,1626450_0.csv,70843,21632.33333,259588,3.664271699,-0.094658281,1.094658281,0.094661381,0.001784,6.90E-05,-38.71052425,"('Q4', '2021')",,2021-12,30284,4.943519425,0.07185384,68.79965537,"Q4,2021",0.235311721,1.04E-05,-7.830559753,555460,417172,0.751038779,138288,6965,138288,473825,138288,0.291854588,0.708145412
636,636,636,1626450,9/29/2021,59285,1626450_0.csv,64717,19761.66667,237140,3.664261322,-0.209595724,1.209595724,0.209577051,0.001629727,6.30E-05,-17.48251949,"('Q3', '2021')",https://www.sec.gov/Archives/edgar/data/1626450/000156459021056559/Financial_Report.xlsx,2021-09,26101,2.327537007,0.033867235,68.72533364,"Q3,2021",0.110910981,-5.66E-05,-7.51116714,560493,399304,0.712415677,161189,8126,161189,496239,161189,0.324821306,0.675178694
637,637,637,1626450,6/29/2021,49013,1626450_0.csv,53503,16337.66667,196052,3.664317889,-0.050417198,1.050417198,0.050428633,0.001347353,5.21E-05,-72.67991887,"('Q2', '2021')",https://www.sec.gov/Archives/edgar/data/1626450/000156459021042140/Financial_Report.xlsx,2021-06,22157,8.628115265,0.126970455,67.95372425,"Q2,2021",0.415806025,3.99E-05,-8.423614734,266512,55445,0.208039413,211067,9274,211067,211067,211067,1,0
638,638,638,1626450,3/30/2021,46660,1626450_0.csv,50935,15553.33333,186640,3.664278001,-0.081514354,1.081514354,0.081519598,0.00128267,4.96E-05,-44.9525493,"('Q1', '2021')",https://www.sec.gov/Archives/edgar/data/1626450/000156459021026757/Financial_Report.xlsx,2021-03,20809,5.420421985,0.07359024,73.65680502,"Q1,2021",0.240997786,1.78E-05,-8.293182601,268829,53491,0.198977789,215338,10402,215338,215338,215338,1,0
639,639,639,1626450,12/30/2020,43143,1626450_0.csv,47096,14381,172572,3.664260234,,,,0.001429926,4.82E-05,,"('Q4', '2020')",https://www.sec.gov/Archives/edgar/data/1626450/000156459021009501/Financial_Report.xlsx,2020-12,20577,,,73.95416205,"Q4,2020",,NaN,,276626,59867,0.216418558,216759,-,216759,216759,216759,1,0
640,640,640,1627857,ttm,438954,1627857_0.csv,1300,146318,1755816,1350.627692,0.190535492,0.809464508,2.237219387,0.010214171,1.19E-06,7088.588477,"('-1', 'ttm')",,2021-ttm,235564,,,80.33818121,"-1,ttm",,1012.904156,,,,,,,,,,,
641,641,641,1627857,12/30/2021,135596,1627857_0.csv,1606,45198.66667,542384,337.7235367,-0.231595092,1.231595092,0.23145945,0.003727495,1.56E-06,-1458.249973,"('Q4', '2021')",,2021-12,67370,223.0794702,2.81285276,79.30719779,"Q4,2021",0.099946345,-0.037199459,-6.536907999,1159840,755601,0.65147003,404239,2029039,404239,404239,404239,1,0
642,642,642,1627857,9/29/2021,110110,1627857_0.csv,1304,36703.33333,440440,337.7607362,-0.074135091,1.074135091,0.074390648,0.003026892,1.27E-06,-4556.017042,"('Q3', '2021')",https://www.sec.gov/Archives/edgar/data/1627857/000162785721000102/Financial_Report.xlsx,2021-09,58624,651.3777778,8.093282215,80.4837593,"Q3,2021",0.287539007,0.080340809,-6.994431184,1082714,688556,0.635953724,394158,1989131,394158,394158,394158,1,0
643,643,643,1627857,6/29/2021,102486,1627857_0.csv,1214,34162,409944,337.6803954,-0.129302326,1.129302326,0.129173002,0.00281731,1.18E-06,-2611.557015,"('Q2', '2021')",https://www.sec.gov/Archives/edgar/data/1627857/000162785721000048/Financial_Report.xlsx,2021-06,58408,420.2014388,5.271396578,79.71349389,"Q2,2021",0.187327307,-0.03867438,-6.215012071,1055204,657294,0.62290704,397910,1959375,397910,397910,397910,1,0
644,644,644,1627857,3/30/2021,90762,1627857_0.csv,1075,30254,363048,337.7190698,0.121732026,0.878267974,-0.121723227,0.002495021,1.05E-06,2774.282828,"('Q1', '2021')",https://www.sec.gov/Archives/edgar/data/1627857/000162828021009712/Financial_Report.xlsx,2021-03,51162,-343.3691275,-4.183244932,82.08200408,"Q1,2021",-0.148641115,0.003383493,-8.079593085,1032870,635914,0.615676707,396956,1945574,396956,396956,396956,1,0
645,645,645,1627857,12/30/2020,103341,1627857_0.csv,1224,34447,413364,337.7156863,,,,0.00342512,1.25E-06,,"('Q4', '2020')",https://www.sec.gov/Archives/edgar/data/1627857/000162828021003310/Financial_Report.xlsx,2020-12,49770,,,82.79415999,"Q4,2020",,NaN,,1075600,610990,0.568045742,464610,1968992,464610,464610,464610,1,0
646,646,646,1640147,ttm,1219327,1640147_0.csv,5900,406442.3333,4877308,826.6623729,0.205601185,0.794398815,2.177200644,0.028372938,5.42E-06,4020.708214,"('-1', 'ttm')",,2021-ttm,743965,,,52.58953168,"-1,ttm",,619.9711113,,,,,,,,,,,
647,647,647,1640147,1/30/2022,383774,1640147_0.csv,7427,127924.6667,1535096,206.6912616,-0.147381431,1.147381431,0.147508828,0.008930169,6.82E-06,-1402.424042,"('Q4', '2021')",,2021-12,203287,213.0890985,4.058839972,52.5,"Q4,2021",0.235646535,0.022947076,-6.581397416,6649698,1600653,0.240710631,5049045,422094,5049045,5049045,5049045,1,0
648,648,648,1640147,10/30/2021,334441,1640147_0.csv,6473,111480.3333,1337764,206.6683145,-0.22873956,1.22873956,0.228668102,0.009193686,6.31E-06,-903.5092788,"('Q3', '2021')",https://www.sec.gov/Archives/edgar/data/1640147/000164014721000271/Financial_Report.xlsx,2021-09,190971,158.4821577,7.294242898,21.7270195,"Q3,2021",0.423533307,-0.012019555,-5.701015761,6163471,1156789,0.187684667,5006682,425125,5006682,5006682,5006682,1,0
649,649,649,1640147,7/30/2021,272198,1640147_0.csv,5268,90732.66667,1088792,206.6803341,-0.189164786,1.189164786,0.18908411,0.007482644,5.13E-06,-1092.594129,"('Q2', '2021')",https://www.sec.gov/Archives/edgar/data/1640147/000164014721000212/Financial_Report.xlsx,2021-06,182903,218.2613365,3.765808804,57.95868773,"Q2,2021",0.218645406,-0.014022567,-5.005898646,6032416,1067451,0.176952485,4964965,57383,4964965,4964965,4964965,1,0
650,650,650,1640147,4/29/2021,228914,1640147_0.csv,4430,76304.66667,915656,206.6943567,-0.201844818,1.201844818,0.20186911,0.006292779,4.32E-06,-1024.026073,"('Q1', '2021')",https://www.sec.gov/Archives/edgar/data/1640147/000164014721000122/Financial_Report.xlsx,2021-03,166804,224.1989247,3.190644782,70.26759167,"Q1,2021",0.185238426,0.004177603,-4.567488781,5929010,970689,0.163718563,4958321,57499,4958321,4958321,4958321,1,0
651,651,651,1640147,1/30/2021,190465,1640147_0.csv,3686,63488.33333,761860,206.6901791,,,,0.005235827,3.59E-06,,"('Q4', '2020')",https://www.sec.gov/Archives/edgar/data/1640147/000164014721000073/Financial_Report.xlsx,2020-12,154050,,,77.00972032,"Q4,2020",,NaN,,5921739,985268,0.166381531,4936471,58344,4936471,4936471,4936471,1,0
652,652,652,1643269,ttm,242125,1643269_0.csv,6129571,80708.33333,968500,0.158004532,-2.611165705,3.611165705,2.611164969,0.00563409,0.00563242,-0.060511109,"('-1', 'ttm')",,2021-ttm,131311,,,75.7452786,"-1,ttm",,-3.22E-08,,,,,,,,,,,
653,653,653,1643269,1/30/2022,67049,1643269_0.csv,1697394,22349.66667,268196,0.158004565,0.030143148,0.969856852,0.081156476,0.001560186,0.001559723,5.241807048,"('Q4', '2021')",,2021-12,36011,-0.682608284,-0.00878935,77.66311402,"Q4,2021",-0.667526277,0.016265776,-7.679085024,602131,183162,0.30418962,418969,2845,418969,418969,418969,1,0
654,654,654,1643269,10/30/2021,62016,1643269_0.csv,1750149,20672,248064,0.141738789,-0.053958693,1.053958693,0.053958974,0.001704802,0.001704801,-2.626801741,"('Q3', '2021')",https://www.sec.gov/Archives/edgar/data/1643269/000164326921000041/Financial_Report.xlsx,2021-09,33565,0.374605194,0.004870201,76.91780419,"Q3,2021",0.412324789,3.78E-08,-7.012187182,604079,172354,0.285316987,431725,5857,431725,431725,431725,1,0
655,655,655,1643269,7/30/2021,58841,1643269_0.csv,1660548,19613.66667,235364,0.141738751,-0.085247466,1.085247466,0.085246869,0.001617522,0.001617522,-1.662674073,"('Q2', '2021')",https://www.sec.gov/Archives/edgar/data/1643269/000164326921000033/Financial_Report.xlsx,2021-06,31457,0.241164385,0.003097543,77.85668042,"Q2,2021",0.26224664,-7.79E-08,-6.894359944,601813,154591,0.256875475,447222,15925,447222,447222,447222,1,0
656,656,656,1643269,4/29/2021,54219,1643269_0.csv,1530110,18073,216876,0.141738829,-0.001236733,1.001236733,0.001237258,0.001490465,0.001490464,-114.6074675,"('Q1', '2021')",https://www.sec.gov/Archives/edgar/data/1643269/000164326921000014/Financial_Report.xlsx,2021-03,30278,16.02010582,0.200355991,79.95820708,"Q1,2021",16.9626905,7.43E-08,-7.153976934,582494,157840,0.270972748,424654,8392,424654,424654,424654,1,0
657,657,657,1643269,1/30/2021,54152,1643269_0.csv,1528220,18050.66667,216608,0.141738755,,,,0.001488623,0.001488623,,"('Q4', '2020')",https://www.sec.gov/Archives/edgar/data/1643269/000164326921000006/Financial_Report.xlsx,2020-12,28656,,,81.4826485,"Q4,2020",,NaN,,570507,139095,0.243809454,431412,1133620,431412,431412,431412,1,0
658,658,658,1660134,ttm,1300201,1660134_0.csv,100000000,433400.3333,5200804,0.05200804,0.151338064,0.848661936,2.394647729,0.030254823,0.091889299,0.34365472,"('-1', 'ttm')",,2021-ttm,770326,,,83.10279627,"-1,ttm",,0.03900603,,,,,,,,,,,
659,659,659,1660134,1/30/2022,383015,1660134_0.csv,117832550,127671.6667,1532060,0.01300201,-0.092206574,1.092206574,0.09220657,0.008912507,0.108275504,-0.141009578,"('Q4', '2021')",,2021-12,221577,0.02227421,0.000270763,82.26449811,"Q4,2021",0.249896746,-4.10E-11,-6.330620938,9205695,3283839,0.356718205,5921856,1107025,5921856,7737570,5921856,0.765337955,0.234662045
660,660,660,1660134,10/30/2021,350680,1660134_0.csv,107884857,116893.3333,1402720,0.01300201,-0.111505548,1.111505548,0.111505547,0.009640091,0.105089477,-0.116604154,"('Q3', '2021')",https://www.sec.gov/Archives/edgar/data/1660134/000166013421000026/Financial_Report.xlsx,2021-09,203878,0.018837577,0.000230143,81.85178968,"Q3,2021",0.212406401,-1.20E-11,-6.189976353,8996973,3012418,0.334825724,5984555,1092407,5984555,7778525,5984555,0.769368871,0.230631129
661,661,661,1660134,7/30/2021,315500,1660134_0.csv,97061915,105166.6667,1262000,0.01300201,-0.256942069,1.256942069,0.256942065,0.008673003,0.094546966,-0.050602886,"('Q2', '2021')",https://www.sec.gov/Archives/edgar/data/1660134/000166013421000020/Financial_Report.xlsx,2021-06,198350,0.009996855,0.000129786,77.02571755,"Q2,2021",0.119783883,-3.95E-11,-5.061880499,8932095,2889905,0.323541678,6042190,1077703,6042190,7814701,6042190,0.773182493,0.226817507
662,662,662,1660134,4/29/2021,251006,1660134_0.csv,77220675,83668.66667,1004024,0.01300201,-0.069293682,1.069293682,0.069293687,0.006900082,0.075219828,-0.1876363,"('Q1', '2021')",https://www.sec.gov/Archives/edgar/data/1660134/000166013421000013/Financial_Report.xlsx,2021-03,146521,0.029279904,0.000349168,83.85614479,"Q1,2021",0.322259326,5.43E-11,-6.408364698,3430447,2747669,0.800965297,682778,418535,682778,2434104,682778,0.280504859,0.719495141
663,663,663,1660134,1/30/2021,234740,1660134_0.csv,72216526,78246.66667,938960,0.01300201,,,,0.006452934,0.07034534,,"('Q4', '2020')",https://www.sec.gov/Archives/edgar/data/1660134/000166013421000007/Financial_Report.xlsx,2020-12,115173,,,68.31447091,"Q4,2020",,NaN,,3298797,2604754,0.789607242,694043,284598,694043,1551430,694043,0.447356955,0.552643045
664,664,664,1660280,ttm,541130,1660280_0.csv,40000,180376.6667,2164520,54.113,0.092167677,0.907832323,2.631306285,0.012591739,3.68E-05,587.1147237,"('-1', 'ttm')",,2021-ttm,270158,,,63.95905432,"-1,ttm",,40.58466428,,,,,,,,,,,
665,665,665,1660280,12/30/2021,149018,1660280_0.csv,44061,49672.66667,596072,13.52833572,-0.074684748,1.074684748,0.074669705,0.004096461,4.29E-05,-181.1392018,"('Q4', '2021')",,2021-12,77485,25.30535598,0.372944739,67.85282999,"Q4,2021",0.330812079,-0.00018937,-7.158136879,1248819,1033506,0.827586704,215313,293526,215313,580041,215313,0.37120307,0.62879693
666,666,666,1660280,9/29/2021,138664,1660280_0.csv,40999,46221.33333,554656,13.52852509,-0.064521992,1.064521992,0.064525292,0.003811833,3.99E-05,-209.6730846,"('Q3', '2021')",https://www.sec.gov/Archives/edgar/data/1660280/000166028021000166/Financial_Report.xlsx,2021-09,68360,27.50905433,0.384172464,71.60600223,"Q3,2021",0.340766605,4.19E-05,-7.621966284,1158490,960433,0.829038662,198057,292589,198057,563444,198057,0.351511419,0.648488581
667,667,667,1660280,6/29/2021,130259,1660280_0.csv,38514,43419.66667,521036,13.52848315,-0.05737975,1.05737975,0.057391488,0.003580782,3.75E-05,-235.7710384,"('Q2', '2021')",https://www.sec.gov/Archives/edgar/data/1660280/000166028021000127/Financial_Report.xlsx,2021-06,65678,31.42488038,0.450072075,69.82188443,"Q2,2021",0.399221763,0.000150182,-7.5026869,744767,559312,0.750989236,185455,283587,185455,185455,185455,1,0
668,668,668,1660280,3/30/2021,123189,1660280_0.csv,36424,41063,492756,13.52833297,-0.043249126,1.043249126,0.043249606,0.00338643,3.55E-05,-312.8001439,"('Q1', '2021')",https://www.sec.gov/Archives/edgar/data/1660280/000166028021000054/Financial_Report.xlsx,2021-03,58635,38.83112583,0.548297438,70.82127895,"Q1,2021",0.486354769,6.22E-06,-8.055397241,700847,528908,0.754669707,171939,292430,171939,171939,171939,1,0
669,669,669,1660280,12/30/2020,118082,1660280_0.csv,34914,39360.66667,472328,13.52832675,,,,0.003913693,3.57E-05,,"('Q4', '2020')",https://www.sec.gov/Archives/edgar/data/1660280/000166028021000027/Financial_Report.xlsx,2020-12,55934,,,62.99273816,"Q4,2020",,NaN,,690589,539924,0.781831162,150665,310756,150665,150665,150665,1,0
670,670,670,1665300,ttm,7260,1665300_0.csv,183792,2420,29040,0.158004701,-2.015109011,3.015109011,2.361111111,0.000168935,0.000168885,-0.078410002,"('-1', 'ttm')",,2021-ttm,2298,,,60.89049338,"-1,ttm",,0.016265442,,,,,,,,,,,
671,671,671,1665300,9/29/2021,2160,1665300_0.csv,60957,720,8640,0.141739259,-0.504182603,1.504182603,0.504178273,5.94E-05,5.94E-05,-0.281126834,"('Q3', '2021')",https://www.sec.gov/Archives/edgar/data/1665300/000162828021023228/Financial_Report.xlsx,2021-09,715,0.034994127,0.000550033,63.62182444,"Q3,2021",0.046567201,-4.08E-07,-8.033543306,31950,18925,0.592331768,13025,137405,13025,14069,13025,0.9257943,0.0742057
672,672,672,1665300,6/29/2021,1436,1665300_0.csv,40525,478.6666667,5744,0.141739667,0.127575294,0.872424706,-0.127582017,3.95E-05,3.95E-05,1.111027551,"('Q2', '2021')",https://www.sec.gov/Archives/edgar/data/1665300/000162828021017003/Financial_Report.xlsx,2021-06,639,-0.107829902,-0.001696298,63.56778655,"Q2,2021",-0.143612407,-1.09E-06,-10.30351998,34211,23732,0.69369501,10479,138451,10479,14394,10479,0.728011672,0.271988328
673,673,673,1665300,3/30/2021,1646,1665300_0.csv,46451,548.6666667,6584,0.141740759,0.289142245,0.710857755,-0.184340932,4.52E-05,4.52E-05,0.490211173,"('Q1', '2021')",https://www.sec.gov/Archives/edgar/data/1665300/000162828021010391/Financial_Report.xlsx,2021-03,556,-0.029427331,-0.000458116,64.23561355,"Q1,2021",-0.038784795,0.018211797,-16.65836313,54927,38368,0.698527136,16559,59314,16559,20495,16559,0.807953159,0.192046841
674,674,674,1665300,12/30/2020,2018,1665300_0.csv,65345,672.6666667,8072,0.123528962,,,,6.69E-05,6.69E-05,,"('Q4', '2020')",https://www.sec.gov/Archives/edgar/data/1665300/000162828021006256/Financial_Report.xlsx,2020-12,388,,,62.3921838,"Q4,2020",,NaN,,31836,33815,1.062162332,1979,170206,1979,1978,-1979,-1.000505561,2.000505561
675,675,675,1666134,ttm,425706,1666134_0.csv,3700,141902,1702824,460.2227027,0.077076578,0.922923422,2.691327194,0.009905899,3.40E-06,5970.979984,"('-1', 'ttm')",,2021-ttm,202620,,,89.60094006,"-1,ttm",,345.1556037,,,,,,,,,,,
676,676,676,1666134,12/30/2021,115326,1666134_0.csv,4009,38442,461304,115.067099,-0.054167762,1.054167762,0.054148919,0.003170278,3.91E-06,-2124.272707,"('Q4', '2021')",,2021-12,56210,272.8640777,3.015159421,90.49739651,"Q4,2021",0.314441864,-0.002056902,-7.78509478,1817578,1463843,0.805381117,353735,28078,325036,1439275,353735,0.245773045,0.754226955
677,677,677,1666134,9/29/2021,109402,1666134_0.csv,3803,36467.33333,437608,115.0691559,-0.071267606,1.071267606,0.071287284,0.003007429,3.70E-06,-1614.606733,"('Q3', '2021')",https://www.sec.gov/Archives/edgar/data/1666134/000166613421000016/Financial_Report.xlsx,2021-09,48799,192.8814229,2.204938086,87.47702448,"Q3,2021",0.229942219,0.002113676,-8.370981035,1750392,1387603,0.792738427,362789,28114,340740,1438713,362789,0.252162175,0.747837825
678,678,678,1666134,6/29/2021,102122,1666134_0.csv,3550,34040.66667,408488,115.0670423,-0.033178114,1.033178114,0.033037954,0.002807304,3.46E-06,-3468.161028,"('Q2', '2021')",https://www.sec.gov/Archives/edgar/data/1666134/000166613421000013/Financial_Report.xlsx,2021-06,49182,431.4210526,4.834863337,89.23128175,"Q2,2021",0.504213534,-0.015611996,-8.038923939,1732067,1376994,0.795000424,355073,28448,337041,1418983,355073,0.250230623,0.749769377
679,679,679,1666134,3/30/2021,98856,1666134_0.csv,3436,32952,395424,115.0826542,-0.032762248,1.032762248,0.032870129,0.002717523,3.35E-06,-3512.660465,"('Q1', '2021')",https://www.sec.gov/Archives/edgar/data/1666134/000166613421000010/Financial_Report.xlsx,2021-03,48429,444.3027523,4.889355859,90.87142869,"Q1,2021",0.509827225,0.012020044,-7.906006539,1708797,1351010,0.790620536,357787,31328,339628,1405980,357787,0.25447517,0.74552483
680,680,680,1666134,12/30/2020,95710,1666134_0.csv,3327,31903.33333,382840,115.0706342,,,,0.003172199,3.41E-06,,"('Q4', '2020')",https://www.sec.gov/Archives/edgar/data/1666134/000166613421000004/Financial_Report.xlsx,2020-12,45382,,,93.30766787,"Q4,2020",,NaN,,1113505,678911,0.609706288,434594,31603,422070,829102,434594,0.524174348,0.475825652
681,681,681,1671933,ttm,1196467,1671933_0.csv,875,398822.3333,4785868,5469.563429,0.243733794,0.756266206,2.02445159,0.027841001,8.04E-07,22440.72655,"('-1', 'ttm')",,2021-ttm,249298,,,75.63488976,"-1,ttm",,4101.895321,,,,,,,,,,,
682,682,682,1671933,12/30/2021,395598,1671933_0.csv,1157,131866,1582392,1367.668107,-0.314772727,1.314772727,0.31388185,0.010874874,1.13E-06,-4344.938391,"('Q4', '2021')",,2021-12,72501,261.7364621,3.412195246,76.70617982,"Q4,2021",0.029938801,-0.927347372,-16.60043219,3577340,2050034,0.573060989,1527306,842200,1527306,1527306,1527306,1,0
683,683,683,1671933,9/29/2021,301091,1671933_0.csv,880,100363.6667,1204364,1368.595455,-0.075794621,1.075794621,0.07545175,0.008276904,8.57E-07,-18056.63035,"('Q3', '2021')",https://www.sec.gov/Archives/edgar/data/1671933/000156459021055245/Financial_Report.xlsx,2021-09,59278,956.0967742,12.91464172,74.03200145,"Q3,2021",0.113237042,-0.436330296,-18.88577688,2988755,1685941,0.564094748,1302814,837839,1302814,1302814,1302814,1,0
684,684,684,1671933,6/29/2021,279967,1671933_0.csv,818,93322.33333,1119868,1369.031785,-0.272161742,1.272161742,0.273671472,0.007696211,7.97E-07,-5030.213929,"('Q2', '2021')",https://www.sec.gov/Archives/edgar/data/1671933/000156459021042669/Financial_Report.xlsx,2021-06,61755,352.8857143,4.810407632,73.35879645,"Q2,2021",0.042164756,1.622764623,-14.25451279,2792948,1590602,0.569506486,1202346,821709,1202346,1202346,1202346,1,0
685,685,685,1671933,3/30/2021,219811,1671933_0.csv,643,73270.33333,879244,1367.40902,0.312299465,0.687700535,-0.312886638,0.00604254,6.26E-07,4378.518609,"('Q1', '2021')",https://www.sec.gov/Archives/edgar/data/1671933/000156459021026067/Financial_Report.xlsx,2021-03,55764,-190.9726027,-2.456465076,77.74285277,"Q1,2021",-0.021557252,-1.168519889,-22.92746994,2602699,1518386,0.583389013,1084313,790389,1084313,1084313,1084313,1,0
686,686,686,1671933,12/30/2020,319905,1671933_0.csv,935,106635,1279620,1368.57754,,,,0.010602887,9.57E-07,,"('Q4', '2020')",https://www.sec.gov/Archives/edgar/data/1671933/000156459021006726/Financial_Report.xlsx,2020-12,58740,,,75.50153251,"Q4,2020",,NaN,,2753645,1740500,0.632071309,1013145,783980,1013145,1013145,1013145,1,0
687,687,687,1679826,ttm,299449,1679826_0.csv,1300,99816.33333,1197796,921.3815385,0.006875477,0.993124523,2.970576926,0.006967981,1.19E-06,134009.826,"('-1', 'ttm')",,2021-ttm,117459,,,73.6910604,"-1,ttm",,690.9247012,,,,,,,,,,,
688,688,688,1679826,12/30/2021,75417,1679826_0.csv,1309,25139,301668,230.4568373,0.009833585,0.990166415,-0.010067731,0.002073191,1.28E-06,23435.68761,"('Q4', '2021')",,2021-12,32449,-2496.076923,-34.36502216,72.63422999,"Q4,2021",-1.789403477,-0.054509164,-9.389008564,1178033,436628,0.370641569,741405,229188,741405,1032559,741405,0.718026767,0.281973233
689,689,689,1679826,9/29/2021,76184,1679826_0.csv,1322,25394.66667,304736,230.5113464,0.035036496,0.964963504,-0.03447227,0.002094276,1.29E-06,6579.178013,"('Q3', '2021')",https://www.sec.gov/Archives/edgar/data/1679826/000155837021014342/Financial_Report.xlsx,2021-09,30379,-632.8958333,-8.571157936,73.84017866,"Q3,2021",-0.446198839,0.134704109,-10.39535681,984423,227580,0.231181108,756843,228748,756843,876044,756843,0.863932634,0.136067366
690,690,690,1679826,6/29/2021,78904,1679826_0.csv,1370,26301.33333,315616,230.3766423,-0.144527987,1.144527987,0.144465073,0.002169048,1.33E-06,-1593.9933,"('Q2', '2021')",https://www.sec.gov/Archives/edgar/data/1679826/000155837021010264/Financial_Report.xlsx,2021-06,29082,168.1040462,2.263081077,74.28105337,"Q2,2021",0.117880757,-0.012664264,-9.482182824,955113,228177,0.238900528,726936,228481,726936,846074,726936,0.859187258,0.140812742
691,691,691,1679826,3/30/2021,68944,1679826_0.csv,1197,22981.33333,275776,230.3893066,-0.090163934,1.090163934,0.089937554,0.00189525,1.17E-06,-2555.226855,"('Q1', '2021')",https://www.sec.gov/Archives/edgar/data/1679826/000155837021005961/Financial_Report.xlsx,2021-03,25549,258.0707071,3.477609636,74.20922245,"Q1,2021",0.181133909,-0.04785187,-9.901266533,872130,146110,0.167532363,726020,226536,726020,765096,726020,0.948926671,0.051073329
692,692,692,1679826,12/30/2020,63255,1679826_0.csv,1098,21085,253020,230.4371585,,,,0.002096515,1.12E-06,,"('Q4', '2020')",https://www.sec.gov/Archives/edgar/data/1679826/000155837021001638/Financial_Report.xlsx,2020-12,24805,,,73.28835566,"Q4,2020",,NaN,,990451,269341,0.271937733,721110,253691,721110,870124,721110,0.828743949,0.171256051
693,693,693,1682325,ttm,60453,1682325_0.csv,1894,20151,241812,127.6726505,0.090297791,0.909702209,2.637364621,0.001406702,1.74E-06,1413.906693,"('-1', 'ttm')",,2021-ttm,16264,,,77.38291075,"-1,ttm",,95.74181474,,,,,,,,,,,
694,694,694,1682325,12/30/2021,16620,1682325_0.csv,2082,5540,66480,31.93083573,-0.022091311,1.022091311,0.022328843,0.000456879,2.03E-06,-1445.402498,"('Q4', '2021')",,2021-12,4644,103.2,1.333507008,77.38991951,"Q4,2021",0.501148301,0.007418945,-14.00583816,394944,128007,0.324114305,266937,590133,266937,291578,266937,0.915490881,0.084509119
695,695,695,1682325,9/29/2021,16257,1682325_0.csv,2037,5419,65028,31.92341679,-0.135451505,1.135451505,0.135503248,0.0004469,1.98E-06,-235.6815215,"('Q3', '2021')",https://www.sec.gov/Archives/edgar/data/1682325/000155837021014593/Financial_Report.xlsx,2021-09,4351,17.90534979,0.231428865,77.36869732,"Q3,2021",0.086994021,0.001454694,-13.16263151,415033,130249,0.313828057,284784,592245,284784,309115,284784,0.921288194,0.078711806
696,696,696,1682325,6/29/2021,14317,1682325_0.csv,1794,4772.333333,57268,31.9219621,-0.080072246,1.080072246,0.079794856,0.00039357,1.75E-06,-398.6645041,"('Q2', '2021')",https://www.sec.gov/Archives/edgar/data/1682325/000155837021010597/Financial_Report.xlsx,2021-06,3507,26.36842105,0.342788082,76.92338918,"Q2,2021",0.128859779,-0.008200457,-15.11901313,421005,130634,0.310290852,290371,593447,290371,314392,290371,0.923595384,0.076404616
697,697,697,1682325,3/30/2021,13259,1682325_0.csv,1661,4419.666667,53036,31.93016255,-0.01218769,1.01218769,0.012060148,0.000364486,1.62E-06,-2619.869837,"('Q1', '2021')",https://www.sec.gov/Archives/edgar/data/1682325/000155837021007077/Financial_Report.xlsx,2021-03,3762,188.1,2.414488594,77.90469604,"Q1,2021",0.90741358,-0.004023919,-13.92806931,425942,131046,0.307661607,294896,28177,294896,321590,294896,0.916993688,0.083006312
698,698,698,1682325,12/30/2020,13101,1682325_0.csv,1641,4367,52404,31.93418647,,,,0.000434218,1.68E-06,,"('Q4', '2020')",https://www.sec.gov/Archives/edgar/data/1682325/000155837021001283/Financial_Report.xlsx,2020-12,3754,,,78.26405339,"Q4,2020",,NaN,,432447,122642,0.283600071,309805,31945,309805,336437,309805,0.920841049,0.079158951
699,699,699,1689923,ttm,536135,1689923_0.csv,7689,178711.6667,2144540,278.9101314,0.228786359,0.771213641,2.084692615,0.012475509,7.07E-06,1219.085493,"('-1', 'ttm')",,2021-ttm,334480,,,75.33843903,"-1,ttm",,209.1789378,,,,,,,,,,,
700,700,700,1689923,12/30/2021,173805,1689923_0.csv,9970,57935,695220,69.73119358,-0.407396951,1.407396951,0.40731654,0.004777849,9.71E-06,-171.1627773,"('Q4', '2021')",,2021-12,101883,35.3024948,0.478934242,73.71052581,"Q4,2021",0.082419511,-0.003984285,-4.848461228,1599688,1196934,0.748229655,402754,989637,402754,1088770,402754,0.369916511,0.630083489
701,701,701,1689923,9/29/2021,123501,1689923_0.csv,7084,41167,494004,69.73517787,-0.028604617,1.028604617,0.028574998,0.003395006,6.90E-06,-2437.89934,"('Q3', '2021')",https://www.sec.gov/Archives/edgar/data/1689923/000168992321000097/Financial_Report.xlsx,2021-09,83034,421.4923858,5.828335588,72.3177963,"Q3,2021",1.00293753,-0.002008137,-5.78397006,1473787,1064460,0.722261765,409327,978036,409327,1088028,409327,0.376209987,0.623790013
702,702,702,1689923,6/29/2021,120070,1689923_0.csv,6887,40023.33333,480280,69.737186,-0.011009982,1.011009982,0.011039163,0.003300689,6.71E-06,-6333.996147,"('Q2', '2021')",https://www.sec.gov/Archives/edgar/data/1689923/000168992321000080/Financial_Report.xlsx,2021-06,77656,1035.413333,13.34787955,77.57137225,"Q2,2021",2.296831343,0.002012779,-6.117360037,1471509,1039875,0.706672538,431634,964605,431634,1103113,431634,0.391287203,0.608712797
703,703,703,1689923,3/30/2021,118759,1689923_0.csv,6812,39586.33333,475036,69.73517322,0.260208514,0.739791486,-0.260192989,0.00326465,6.64E-06,267.9972767,"('Q1', '2021')",https://www.sec.gov/Archives/edgar/data/1689923/000168992321000050/Financial_Report.xlsx,2021-03,71907,-30.01126878,-0.381141987,78.7403903,"Q1,2021",-0.065586757,0.001463406,-8.929888259,1415747,964261,0.681096976,451486,956709,451486,1115836,451486,0.404616807,0.595383193
704,704,704,1689923,12/30/2020,160527,1689923_0.csv,9208,53509,642108,69.73370982,,,,0.005320485,9.42E-06,,"('Q4', '2020')",https://www.sec.gov/Archives/edgar/data/1689923/000168992321000024/Financial_Report.xlsx,2020-12,68794,,,77.89888258,"Q4,2020",,NaN,,1465295,988504,0.674610915,476791,941167,476791,1134292,476791,0.420342381,0.579657619
705,705,705,1701732,ttm,532179,1701732_0.csv,11000,177393,2128716,193.5196364,0.054982818,0.945017182,2.779760932,0.012383455,1.01E-05,3519.638386,"('-1', 'ttm')",,2021-ttm,132750,,,71.49502875,"-1,ttm",,145.1357876,,,,,,,,,,,
706,706,706,1701732,12/30/2021,140797,1701732_0.csv,11640,46932.33333,563188,48.3838488,-0.160634161,1.160634161,0.160666738,0.003870468,1.13E-05,-301.2052263,"('Q4', '2021')",,2021-12,38182,23.70080695,0.338170603,70.08535561,"Q4,2021",0.083871939,0.001358021,-12.70864857,1163275,549294,0.47219617,613981,362031,613981,613981,613981,1,0
707,707,707,1701732,9/29/2021,121307,1701732_0.csv,10029,40435.66667,485228,48.38249078,-0.011599758,1.011599758,0.011633531,0.003334694,9.77E-06,-4170.991422,"('Q3', '2021')",https://www.sec.gov/Archives/edgar/data/1701732/000156459021054530/Financial_Report.xlsx,2021-09,30589,265.9913043,3.744997416,71.02576445,"Q3,2021",0.928847777,0.001615247,-15.6809315,1014483,411437,0.405563228,603046,361474,603046,603046,603046,1,0
708,708,708,1701732,6/29/2021,119912,1701732_0.csv,9914,39970.66667,479648,48.38087553,0.201449859,0.798550141,-0.20145442,0.003296346,9.66E-06,240.1633625,"('Q2', '2021')",https://www.sec.gov/Archives/edgar/data/1701732/000156459021041685/Financial_Report.xlsx,2021-06,31909,-12.7584966,-0.177951993,71.69628369,"Q2,2021",-0.044137769,-0.000276303,-18.82379798,820216,420087,0.512166307,400129,-,400129,400129,400129,1,0
709,709,709,1701732,3/30/2021,150163,1701732_0.csv,12415,50054.33333,600652,48.38115183,-0.125362582,1.125362582,0.125313809,0.004127937,1.21E-05,-385.9297665,"('Q1', '2021')",https://www.sec.gov/Archives/edgar/data/1701732/000156459021025062/Financial_Report.xlsx,2021-03,32070,23.18872017,0.315949964,73.39364705,"Q1,2021",0.078365219,-0.002096899,-16.64299554,817913,418100,0.511179062,399813,-,399813,400071,399813,0.999355114,0.000644886
710,710,710,1701732,12/30/2020,133441,1701732_0.csv,11032,44480.33333,533764,48.38324873,,,,0.00442275,1.13E-05,,"('Q4', '2020')",https://www.sec.gov/Archives/edgar/data/1701732/000156459021009427/Financial_Report.xlsx,2020-12,30537,,,69.20038563,"Q4,2020",,NaN,,829902,450532,0.542873737,379370,-,379370,568023,379370,0.667877885,0.332122115
711,711,711,1707753,ttm,800629,1707753_0.csv,11300,266876.3333,3202516,283.4084956,0.10615409,0.89384591,2.57513039,0.018630111,1.04E-05,2669.784054,"('-1', 'ttm')",,2021-ttm,370220,,,37.32669401,"-1,ttm",,212.5513527,,,,,,,,,,,
712,712,712,1707753,1/30/2022,223944,1707753_0.csv,12642,74648,895776,70.85714286,-0.087203302,1.087203302,0.087212351,0.00521103,1.16E-05,-812.5511412,"('Q4', '2021')",,2021-12,105069,103.6183432,2.813352706,36.83091102,"Q4,2021",0.476454894,0.00058971,-7.841769286,1559296,1126987,0.72275373,432309,40342,432309,998580,432309,0.432923752,0.567076248
713,713,713,1707753,10/30/2021,205980,1707753_0.csv,11628,68660,823920,70.85655315,-0.066691129,1.066691129,0.066728812,0.00566233,1.13E-05,-1062.45844,"('Q3', '2021')",https://www.sec.gov/Archives/edgar/data/1707753/000170775321000080/Financial_Report.xlsx,2021-09,94953,130.6093535,3.608241216,36.19751166,"Q3,2021",0.611078195,0.00250306,-8.134627509,1561701,1111901,0.711980718,449800,30849,449800,1015845,449800,0.442784086,0.557215914
714,714,714,1707753,7/30/2021,193095,1707753_0.csv,10901,64365,772380,70.85405009,-0.087164655,1.087164655,0.087185406,0.005308125,1.06E-05,-812.875927,"('Q2', '2021')",https://www.sec.gov/Archives/edgar/data/1707753/000170775321000052/Financial_Report.xlsx,2021-06,88033,100.7242563,2.738474894,36.78115016,"Q2,2021",0.463794218,0.001352371,-8.070309546,1519885,1064222,0.700199028,455663,33146,455663,1021505,455663,0.446070259,0.553929741
715,715,715,1707753,4/29/2021,177610,1707753_0.csv,10027,59203.33333,710440,70.85269772,-0.130439684,1.130439684,0.130445852,0.004882447,9.77E-06,-543.1836031,"('Q1', '2021')",https://www.sec.gov/Archives/edgar/data/1707753/000170775321000026/Financial_Report.xlsx,2021-03,82165,71.01555748,1.786818479,39.74413646,"Q1,2021",0.30262534,0.000386555,-7.648797283,973172,522341,0.536740679,450831,35303,450831,450831,450831,1,0
716,716,716,1707753,1/30/2021,157115,1707753_0.csv,8870,52371.66667,628460,70.85231116,,,,0.004319046,8.64E-06,,"('Q4', '2020')",https://www.sec.gov/Archives/edgar/data/1707753/000170775321000012/Financial_Report.xlsx,2020-12,71087,,,38.37522442,"Q4,2020",,NaN,,899980,444399,0.49378764,455581,116,455581,455581,455581,1,0
717,717,717,1713683,ttm,859558,1713683_0.csv,4500,286519.3333,3438232,764.0515556,0.159035694,0.840964306,2.363389849,0.02000135,4.14E-06,4804.277172,"('-1', 'ttm')",,2021-ttm,580974,,,80.5264249,"-1,ttm",,573.0121237,,,,,,,,,,,
718,718,718,1713683,1/30/2022,255563,1713683_0.csv,5351,85187.66667,1022252,191.0394319,-0.108556039,1.108556039,0.108651423,0.005946783,4.92E-06,-1759.823164,"('Q4', '2021')",,2021-12,175073,334.1087786,4.103430146,81.4218268,"Q4,2021",0.257753916,0.016436232,-5.267216177,2422021,1882654,0.777307051,539367,1176700,539367,1480059,539367,0.364422635,0.635577365
719,719,719,1713683,10/30/2021,230517,1713683_0.csv,4827,76839,922068,191.0229956,-0.169898206,1.169898206,0.169697677,0.006336845,4.70E-06,-1124.337917,"('Q3', '2021')",https://www.sec.gov/Archives/edgar/data/1713683/000171368321000238/Financial_Report.xlsx,2021-09,153786,219.3808845,2.718870111,80.68825488,"Q3,2021",0.170798501,-0.032748413,-5.125049615,2271118,1740919,0.766547137,530199,1176300,530199,1457213,530199,0.363844544,0.636155456
720,720,720,1713683,7/30/2021,197074,1713683_0.csv,4126,65691.33333,788296,191.0557441,-0.1169464,1.1169464,0.117174214,0.005417507,4.02E-06,-1633.703515,"('Q2', '2021')",https://www.sec.gov/Archives/edgar/data/1713683/000171368321000175/Financial_Report.xlsx,2021-06,136385,315.7060185,3.937758002,80.17405295,"Q2,2021",0.247326225,0.038960088,-5.174762023,2257631,1728736,0.765730095,528895,1178200,528895,1442433,528895,0.366668677,0.633331323
721,721,721,1713683,4/29/2021,176404,1713683_0.csv,3694,58801.33333,705616,191.016784,-0.123479319,1.123479319,0.123277553,0.004849295,3.60E-06,-1546.953659,"('Q1', '2021')",https://www.sec.gov/Archives/edgar/data/1713683/000171368321000096/Financial_Report.xlsx,2021-03,115730,285.0492611,3.57676929,79.69461769,"Q1,2021",0.224698744,-0.034310916,-5.426969547,2062276,1554169,0.753618332,508107,1179300,508107,1408370,508107,0.360776643,0.639223357
722,722,722,1713683,1/30/2021,157044,1713683_0.csv,3288,52348,628176,191.0510949,,,,0.004317094,3.20E-06,,"('Q4', '2020')",https://www.sec.gov/Archives/edgar/data/1713683/000171368321000037/Financial_Report.xlsx,2020-12,110403,,,79.13840059,"Q4,2020",,NaN,,1969417,1466713,0.744744765,502704,711900,502704,1389890,502704,0.361686177,0.638313823
723,723,723,1721947,ttm,366388,1721947_0.csv,4000,122129.3333,1465552,366.388,0.117387467,0.882612533,2.529681509,0.008525608,3.68E-06,3121.184992,"('-1', 'ttm')",,2021-ttm,148192,,,68.40997896,"-1,ttm",,274.7710538,,,,,,,,,,,
724,724,724,1721947,12/30/2021,103802,1721947_0.csv,4532,34600.66667,415208,91.61694616,-0.085508982,1.085508982,0.08555652,0.002853487,4.41E-06,-1071.430673,"('Q4', '2021')",,2021-12,44552,124.7955182,1.800326416,69.31827311,"Q4,2021",0.235806998,0.004012029,-8.585489994,1480420,741994,0.501205063,738426,288241,738426,1100457,738426,0.671017586,0.328982414
725,725,725,1721947,9/29/2021,95621,1721947_0.csv,4175,31873.66667,382484,91.61293413,-0.108897742,1.108897742,0.108803544,0.002628593,4.07E-06,-841.2748707,"('Q3', '2021')",https://www.sec.gov/Archives/edgar/data/1721947/000162828021023008/Financial_Report.xlsx,2021-09,40856,99.64878049,1.463337175,68.09693773,"Q3,2021",0.191676495,-0.007783,-8.442400064,1530079,783310,0.511940887,746769,290845,746769,1108243,746769,0.673831461,0.326168539
726,726,726,1721947,6/29/2021,86238,1721947_0.csv,3765,28746,344952,91.62071713,-0.062358916,1.062358916,0.06246304,0.002370657,3.67E-06,-1469.248061,"('Q2', '2021')",https://www.sec.gov/Archives/edgar/data/1721947/000162828021017415/Financial_Report.xlsx,2021-06,32617,147.5882353,1.999983466,73.79472772,"Q2,2021",0.261947323,0.008978982,-9.955048641,1123515,319556,0.284425219,803959,293700,803959,803959,803959,1,0
727,727,727,1721947,3/30/2021,81168,1721947_0.csv,3544,27056,324672,91.61173815,-0.062031765,1.062031765,0.062046947,0.002231285,3.45E-06,-1476.85203,"('Q1', '2021')",https://www.sec.gov/Archives/edgar/data/1721947/000155837021006836/Financial_Report.xlsx,2021-03,29332,141.7004831,1.948536182,72.7215047,"Q1,2021",0.255234042,0.00130962,-10.42235,1115184,295921,0.26535621,819263,296298,819263,819263,819263,1,0
728,728,728,1721947,12/30/2020,76426,1721947_0.csv,3337,25475.33333,305704,91.61042853,,,,0.002533053,3.42E-06,,"('Q4', '2020')",https://www.sec.gov/Archives/edgar/data/1721947/000155837021002391/Financial_Report.xlsx,2020-12,30516,,,72.85275958,"Q4,2020",,NaN,,1078153,262672,0.24363147,815481,296421,815481,815481,815481,1,0
729,729,729,1724570,ttm,618657,1724570_0.csv,1000000,206219,2474628,2.474628,0.058383074,0.941616926,2.766465352,0.014395742,0.000918893,42.38605164,"('-1', 'ttm')",,2021-ttm,139257,,,74.63353653,"-1,ttm",,1.855970614,,,,,,,,,,,
730,730,730,1724570,12/30/2021,164254,1724570_0.csv,1062003,54751.33333,657016,0.618657386,-0.040293123,1.040293123,0.040293365,0.004515295,0.001034486,-15.35392004,"('Q4', '2021')",,2021-12,40023,0.972990713,0.013087882,74.34287167,"Q4,2021",0.253863584,1.44E-07,-15.7801301,1962191,150249,0.076572056,1811942,1979594,1811942,1811942,1811942,1,0
731,731,731,1724570,9/29/2021,157892,1724570_0.csv,1020869,52630.66667,631568,0.618657242,-0.041490512,1.041490512,0.041490218,0.004340405,0.000994417,-14.91081238,"('Q3', '2021')",https://www.sec.gov/Archives/edgar/data/1724570/000172457021000064/Financial_Report.xlsx,2021-09,35173,0.864860213,0.011470342,75.39969004,"Q3,2021",0.222488466,-1.75E-07,-17.24071955,1934906,149691,0.077363448,1785215,1993864,1785215,1785215,1785215,1,0
732,732,732,1724570,6/29/2021,151602,1724570_0.csv,980200,50534,606408,0.618657417,-0.046187212,1.046187212,0.046187607,0.004167495,0.000954802,-13.39456068,"('Q2', '2021')",https://www.sec.gov/Archives/edgar/data/1724570/000172457021000049/Financial_Report.xlsx,2021-06,32135,0.742593705,0.009851686,75.37732048,"Q2,2021",0.191091597,2.34E-07,-18.03753599,1905162,150686,0.079093536,1754476,2048856,1754476,1754476,1754476,1,0
733,733,733,1724570,3/30/2021,144909,1724570_0.csv,936926,48303,579636,0.618657183,-0.042570735,1.042570735,0.042570795,0.003983506,0.00091265,-14.53245242,"('Q1', '2021')",https://www.sec.gov/Archives/edgar/data/1724570/000172457021000027/Financial_Report.xlsx,2021-03,31926,0.834513945,0.011366246,73.42036448,"Q1,2021",0.220469364,3.58E-08,-17.41427151,1865913,151543,0.081216541,1714370,2029414,1714370,1714370,1714370,1,0
734,734,734,1724570,12/30/2020,138992,1724570_0.csv,898669,46330.66667,555968,0.618657147,,,,0.004606732,0.000919825,,"('Q4', '2020')",https://www.sec.gov/Archives/edgar/data/1724570/000172457021000015/Financial_Report.xlsx,2020-12,31962,,,71.69348385,"Q4,2020",,NaN,,1793271,104803,0.058442366,1688468,2035454,1688468,1688468,1688468,1,0
735,735,735,1725057,ttm,1024200,1725057_0.csv,3900000,341400,4096800,1.050461538,0.092342935,0.907657065,2.630627437,0.023832461,0.003583683,11.3756568,"('-1', 'ttm')",,2021-ttm,0,,,81.64625517,"-1,ttm",,0.787846094,,,,,,,,,,,
736,736,736,1725057,12/30/2021,282100,1725057_0.csv,4296777,94033.33333,1128400,0.262615444,-0.096811602,1.096811602,0.09681182,0.007754847,0.004185444,-2.712644337,"('Q4', '2021')",,2021-12,0,0,0,81.53393752,"Q4,2021",0,5.21E-08,#NAME?,7166200,4938700,0.689165806,2227500,289465,2227500,3351900,2227500,0.664548465,0.335451535
737,737,737,1725057,9/29/2021,257200,1725057_0.csv,3917516,85733.33333,1028800,0.262615392,-0.027156679,1.027156679,0.02715655,0.007070353,0.00381601,-9.670379375,"('Q3', '2021')",https://www.sec.gov/Archives/edgar/data/1725057/000156459021054003/Financial_Report.xlsx,2021-09,0,0,0,81.59210794,"Q3,2021",0,-3.32E-08,#NAME?,9001500,6779700,0.753174471,2221800,288121,2221800,3343600,2221800,0.66449336,0.33550664
738,738,738,1725057,6/29/2021,250400,1725057_0.csv,3813942,83466.66667,1001600,0.262615425,-0.067803771,1.067803771,0.067803838,0.006883423,0.00371512,-3.873168437,"('Q2', '2021')",https://www.sec.gov/Archives/edgar/data/1725057/000156459021040837/Financial_Report.xlsx,2021-06,0,0,0,81.48517212,"Q2,2021",0,1.65E-08,#NAME?,6807000,4607200,0.676832672,2199800,290276,2199800,3318300,2199800,0.662929813,0.337070187
739,739,739,1725057,3/30/2021,234500,1725057_0.csv,3571763,78166.66667,938000,0.262615409,-0.052513662,1.052513662,0.052513465,0.006446337,0.003479216,-5.000896892,"('Q1', '2021')",https://www.sec.gov/Archives/edgar/data/1725057/000156459021024095/Financial_Report.xlsx,2021-03,0,0,0,82.01817775,"Q1,2021",0,-4.91E-08,#NAME?,7798800,5639500,0.72312407,2159300,291520,2159300,3274700,2159300,0.659388646,0.340611354
740,740,740,1725057,12/30/2020,222800,1725057_0.csv,3393555,74266.66667,891200,0.262615458,,,,0.007384452,0.003473444,,"('Q4', '2020')",https://www.sec.gov/Archives/edgar/data/1725057/000156459021009508/Financial_Report.xlsx,2020-12,0,,,81.89283313,"Q4,2020",,NaN,,6701300,4603100,0.686896572,2098200,295351,2098200,2758800,2098200,0.760548064,0.239451936
741,741,741,1739936,ttm,443786,1739936_0.csv,11234767,147928.6667,1775144,0.158004523,-2.39265197,3.39265197,2.781987694,0.010326608,0.010323549,-0.066037403,"('-1', 'ttm')",,2021-ttm,224008,,,75.79001933,"-1,ttm",,0.016265734,,,,,,,,,,,
742,742,742,1739936,12/30/2021,117342,1739936_0.csv,3311500,39114,469368,0.141738789,-0.022552351,1.022552351,0.022552591,0.003225697,0.003225696,-6.284878586,"('Q4', '2021')",,2021-12,61829,0.846566715,0.010849938,78.02502588,"Q4,2021",0.918585943,3.32E-08,-7.42396137,939924,585450,0.622869509,354474,368091,354474,564290,354474,0.628177001,0.371822999
743,743,743,1739936,9/29/2021,114754,1739936_0.csv,3238465,38251.33333,459016,0.141738756,-0.049016502,1.049016502,0.049016381,0.003154554,0.003154554,-2.891653833,"('Q3', '2021')",https://www.sec.gov/Archives/edgar/data/1739936/000095017021003722/Financial_Report.xlsx,2021-09,54118,0.357637076,0.00480894,74.36921729,"Q3,2021",0.407138296,-1.63E-08,-8.085441992,934649,572814,0.612865364,361835,398492,361835,572126,361835,0.632439358,0.367560642
744,744,744,1739936,6/29/2021,109392,1739936_0.csv,3087144,36464,437568,0.141738772,-0.069346316,1.069346316,0.069346419,0.003007154,0.003007154,-2.043926491,"('Q2', '2021')",https://www.sec.gov/Archives/edgar/data/1739936/000156459021041563/Financial_Report.xlsx,2021-06,56025,0.279846553,0.003777928,74.07407407,"Q2,2021",0.319849967,1.37E-08,-7.303740108,924595,567046,0.613291225,357549,415647,357549,568315,357549,0.62913877,0.37086123
745,745,745,1739936,3/30/2021,102298,1739936_0.csv,2886945,34099.33333,409192,0.141738758,0.117068489,0.882931511,0.013102253,0.002812142,0.002812142,1.210733643,"('Q1', '2021')",https://www.sec.gov/Archives/edgar/data/1739936/000156459021025538/Financial_Report.xlsx,2021-03,52036,-0.135941606,-0.00183299,74.16384881,"Q1,2021",-0.155186079,0.018211626,-8.906277297,895724,548238,0.612061305,347486,439607,347486,558727,347486,0.621924482,0.378075518
746,746,746,1739936,12/30/2020,100975,1739936_0.csv,3269727,33658.33333,403900,0.123527132,,,,0.003346701,0.003346701,,"('Q4', '2020')",https://www.sec.gov/Archives/edgar/data/1739936/000156459021006682/Financial_Report.xlsx,2020-12,43832,,,74.14561939,"Q4,2020",,NaN,,877817,531461,0.605434846,346356,499624,346356,558072,346356,0.620629596,0.379370404
747,747,747,1739942,ttm,718632,1739942_0.csv,300000,239544,2874528,9.58176,0.037804655,0.962195345,2.848776491,0.016722094,0.000275668,253.4545012,"('-1', 'ttm')",,2021-ttm,236383,,,81.70503212,"-1,ttm",,7.186316957,,,,,,,,,,,
748,748,748,1739942,12/30/2021,186717,1739942_0.csv,311787,62239,746868,2.395443043,-0.030043642,1.030043642,0.030043416,0.005132796,0.000303708,-79.73211359,"('Q4', '2021')",,2021-12,61999,6.817572026,0.083317551,81.82636077,"Q4,2021",0.417380251,-5.25E-07,-11.69508929,4792127,2504231,0.522571918,2287896,1856873,2287896,4158665,2287896,0.550151551,0.449848449
749,749,749,1739942,9/29/2021,181271,1739942_0.csv,302693,60423.66667,725084,2.395443568,0.308057533,0.691942467,-0.308057288,0.004983087,0.00029485,7.775961671,"('Q3', '2021')",https://www.sec.gov/Archives/edgar/data/1739942/000173994221000154/Financial_Report.xlsx,2021-09,58642,-0.435155572,-0.005384267,80.81983806,"Q3,2021",-0.026972542,8.47E-07,-17.86938322,4834811,2512312,0.519629826,2322499,1857642,2322499,4195971,2322499,0.553506924,0.446493076
750,750,750,1739942,6/29/2021,261974,1739942_0.csv,437454,87324.66667,1047896,2.395442721,-0.019741949,1.019741949,0.019742937,0.007201589,0.000426119,-121.3377017,"('Q2', '2021')",https://www.sec.gov/Archives/edgar/data/1739942/000173994221000127/Financial_Report.xlsx,2021-06,82371,9.726177825,0.117770003,82.5862069,"Q2,2021",0.589970289,2.32E-06,-12.47537356,5594015,2622302,0.468769211,2971713,1076020,2971713,4848933,2971713,0.612859159,0.387140841
751,751,751,1739942,3/30/2021,256902,1739942_0.csv,428985,85634,1027608,2.3954404,0.031632197,0.968367803,-0.03163283,0.007062161,0.00041787,75.72791739,"('Q1', '2021')",https://www.sec.gov/Archives/edgar/data/1739942/000173994221000080/Financial_Report.xlsx,2021-03,83297,-5.944266039,-0.072784024,81.66992825,"Q1,2021",-0.364612825,-1.57E-06,-12.73965817,5594512,2644346,0.472667857,2950166,957903,2950166,4830102,2950166,0.610787515,0.389212485
752,752,752,1739942,12/30/2020,265294,1739942_0.csv,442998,88431.33333,1061176,2.395441966,,,,0.008792867,0.000453427,,"('Q4', '2020')",https://www.sec.gov/Archives/edgar/data/1739942/000173994221000043/Financial_Report.xlsx,2020-12,81902,,,80.95919828,"Q4,2020",,NaN,,5710483,2699796,0.472778923,3010687,947220,3010687,4893359,3010687,0.615259784,0.384740216
753,753,753,1768267,ttm,387965,1768267_0.csv,325000000,129321.6667,1551860,0.004774954,-0.027166779,1.027166779,3.108667104,0.009027691,0.298640222,-0.175764447,"('-1', 'ttm')",,2021-ttm,35554,,,79.76466376,"-1,ttm",,0.003581215,,,,,,,,,,,
754,754,754,1768267,12/30/2021,94426,1768267_0.csv,316404314,31475.33333,377704,0.001193738,0.037216037,0.962783963,-0.037216037,0.002595743,0.308206034,0.032075915,"('Q4', '2021')",,2021-12,5879,-0.000480684,-6.14E-06,78.28347626,"Q4,2021",-0.061725091,1.17E-12,-66.729716,1692425,642924,0.379883304,1049501,1302500,1049501,1314332,1049501,0.798505248,0.201494752
755,755,755,1768267,9/29/2021,98076,1768267_0.csv,328634799,32692,392304,0.001193738,-0.013171353,1.013171353,0.013171352,0.002696081,0.320119617,-0.090631424,"('Q3', '2021')",https://www.sec.gov/Archives/edgar/data/1768267/000156459021057931/Financial_Report.xlsx,2021-09,10586,0.002477826,3.15E-05,78.65854794,"Q3,2021",0.316662761,-1.48E-12,-36.57698843,1705728,673783,0.395011983,1031945,1303500,1031945,1297038,1031945,0.795616628,0.204383372
756,756,756,1768267,6/29/2021,96801,1768267_0.csv,324362506,32267,387204,0.001193738,0.018862379,0.981137621,-0.018862379,0.002661031,0.315958023,0.063286738,"('Q2', '2021')",https://www.sec.gov/Archives/edgar/data/1768267/000156459021042523/Financial_Report.xlsx,2021-06,9534,-0.001528896,-1.88E-05,81.35725589,"Q2,2021",-0.188909467,8.13E-13,-41.39374872,1709039,687190,0.402091468,1021849,812400,1021849,1287221,1021849,0.793841151,0.206158849
757,757,757,1768267,3/30/2021,98662,1768267_0.csv,330598378,32887.33333,394648,0.001193738,-0.038941073,1.038941073,0.038941072,0.00271219,0.322032318,-0.030654997,"('Q1', '2021')",https://www.sec.gov/Archives/edgar/data/1768267/000156459021025918/Financial_Report.xlsx,2021-03,9555,0.000771104,9.48E-06,81.30946836,"Q1,2021",0.095333144,-2.53E-13,-39.7546834,1689947,686506,0.406229308,1003441,778400,1003441,1269122,1003441,0.790657636,0.209342364
758,758,758,1768267,12/30/2020,94964,1768267_0.csv,318207054,31654.66667,379856,0.001193738,,,,0.003147474,0.325698111,,"('Q4', '2020')",https://www.sec.gov/Archives/edgar/data/1768267/000156459021004629/Financial_Report.xlsx,2020-12,8898,,,81.03258451,"Q4,2020",,NaN,,1700748,707620,0.416063991,993128,784500,993128,1259147,993128,0.788730784,0.211269216
759,759,759,1773383,ttm,873364,1773383_0.csv,8000,291121.3333,3493456,436.682,0.093073348,0.906926652,2.62743909,0.020322606,7.35E-06,4691.805021,"('-1', 'ttm')",,2021-ttm,335621,,,85.5578697,"-1,ttm",,327.5034488,,,,,,,,,,,
760,760,760,1773383,12/30/2021,240766,1773383_0.csv,8821,80255.33333,963064,109.1785512,-0.063668154,1.063668154,0.06367018,0.006618587,8.59E-06,-1714.806297,"('Q4', '2021')",,2021-12,94033,178.092803,2.179214488,81.72339344,"Q4,2021",0.239521166,0.000208004,-9.628723161,2397761,1121746,0.467830614,1276015,27307,1276015,1579430,1276015,0.807895886,0.192104114
761,761,761,1773383,9/29/2021,226354,1773383_0.csv,8293,75451.33333,905416,109.1783432,-0.079255596,1.079255596,0.079212358,0.006222405,8.08E-06,-1377.547437,"('Q3', '2021')",https://www.sec.gov/Archives/edgar/data/1773383/000177338321000114/Financial_Report.xlsx,2021-09,86301,141.7093596,1.663975678,85.16311953,"Q3,2021",0.182890742,-0.004374154,-9.72093474,2242897,1021895,0.455613878,1221002,28035,1221002,1553909,1221002,0.785761586,0.214238414
762,762,762,1773383,6/29/2021,209740,1773383_0.csv,7684,69913.33333,838960,109.1827173,-0.067370468,1.067370468,0.067357407,0.005765691,7.48E-06,-1620.631716,"('Q2', '2021')",https://www.sec.gov/Archives/edgar/data/1773383/000177338321000083/Financial_Report.xlsx,2021-06,80482,165.942268,1.887747446,87.9049093,"Q2,2021",0.207477611,-0.001336006,-9.766238191,2214099,1055145,0.476557281,1158954,19498,1158954,1521358,1158954,0.761789138,0.238210862
763,763,763,1773383,3/30/2021,196504,1773383_0.csv,7199,65501.33333,786016,109.1840533,-0.074317266,1.074317266,0.074314831,0.005401838,7.01E-06,-1469.161328,"('Q1', '2021')",https://www.sec.gov/Archives/edgar/data/1773383/000177338321000054/Financial_Report.xlsx,2021-03,74805,150.2108434,1.720533125,87.304825,"Q1,2021",0.189097188,-0.00024751,-9.780660938,2256218,1142617,0.50643023,1113601,20773,1113601,1505514,1113601,0.739681597,0.260318403
764,764,764,1773383,12/30/2020,182911,1773383_0.csv,6701,60970.33333,731644,109.1843009,,,,0.006062377,6.86E-06,,"('Q4', '2020')",https://www.sec.gov/Archives/edgar/data/1773383/000177338321000011/Financial_Report.xlsx,2020-12,64829,,,92.38973376,"Q4,2020",,NaN,,2166558,1106816,0.510863776,1059742,-,1059742,1511169,1059742,0.701272988,0.298727012
765,765,765,1786352,ttm,412838,1786352_0.csv,350000,137612.6667,1651352,4.718148571,0.340421603,0.659578397,1.638313373,0.009606469,0.000321613,13.85972141,"('-1', 'ttm')",,2021-ttm,187421,,,61.95681803,"-1,ttm",,3.538611332,,,,,,,,,,,
766,766,766,1786352,12/30/2021,156478,1786352_0.csv,530642,52159.33333,625912,1.17953724,-0.344278907,1.344278907,0.344278068,0.004301535,0.000516893,-3.426109518,"('Q4', '2021')",,2021-12,80817,0.594675536,0.009762562,60.91387834,"Q4,2021",0.099319245,-7.36E-07,-5.761309002,9510958,5417631,0.569619906,4093327,836612,4093327,4732828,4093327,0.864879729,0.135120271
767,767,767,1786352,9/29/2021,116403,1786352_0.csv,394741,38801,465612,1.179537976,-0.48714191,1.48714191,0.48714116,0.003199885,0.000384513,-2.421343661,"('Q3', '2021')",https://www.sec.gov/Archives/edgar/data/1786352/000095017021003282/Financial_Report.xlsx,2021-09,62312,0.481899385,0.007989658,60.31539587,"Q3,2021",0.081282585,-5.95E-07,-5.02458342,8564205,4454994,0.520187688,4109211,848043,4109211,4748338,4109211,0.865399851,0.134600149
768,768,768,1786352,6/29/2021,78273,1786352_0.csv,265436,26091,313092,1.179538571,-0.310270953,1.310270953,0.310271519,0.002151702,0.000258558,-3.801640333,"('Q2', '2021')",https://www.sec.gov/Archives/edgar/data/1786352/000156459021046383/Financial_Report.xlsx,2021-06,29102,0.463002148,0.007191717,64.37991957,"Q2,2021",0.073164713,5.09E-07,-8.21084816,5969173,3439583,0.576224378,2529590,861611,2529590,3518971,2529590,0.718843662,0.281156338
769,769,769,1786352,3/30/2021,59738,1786352_0.csv,202581,19912.66667,238952,1.179538061,-0.105338971,1.105338971,0.105338144,0.00164218,0.000197332,-11.19754678,"('Q1', '2021')",https://www.sec.gov/Archives/edgar/data/1786352/000156459021025543/Financial_Report.xlsx,2021-03,15190,0.78680203,0.012608238,62.40380309,"Q1,2021",0.128269588,-8.83E-07,-14.23172075,3800165,2929704,0.770941262,870461,906877,870461,1768332,870461,0.492249759,0.507750241
770,770,770,1786352,12/30/2020,54045,1786352_0.csv,183275,18015,216180,1.179538944,,,,0.00179126,0.00018759,,"('Q4', '2020')",https://www.sec.gov/Archives/edgar/data/1786352/000156459021004505/Financial_Report.xlsx,2020-12,14174,,,63.62211685,"Q4,2020",,NaN,,4082417,3205669,0.78523801,876748,923486,876748,1762800,876748,0.497361017,0.502638983
771,771,771,1794515,ttm,747200,1794515_0.csv,20000,249066.6667,2988800,149.44,0.159663866,0.840336134,2.361223572,0.017386853,1.84E-05,935.9663158,"('-1', 'ttm')",,2021-ttm,241100,,,77.16127313,"-1,ttm",,112.0786555,,,,,,,,,,,
772,772,772,1794515,12/30/2021,222300,1794515_0.csv,23800,74100,889200,37.36134454,-0.124976366,1.124976366,0.125,0.006110962,2.32E-05,-298.9472788,"('Q4', '2021')",,2021-12,77100,29.16036309,0.380277814,76.68173644,"Q4,2021",0.122140512,0.000784886,-10.25183664,6852900,4855000,0.708459192,1997900,28605,1997900,3230800,1997900,0.61839173,0.38160827
773,773,773,1794515,9/29/2021,197600,1794515_0.csv,21156,65866.66667,790400,37.36055965,-0.13564872,1.13564872,0.135632184,0.005431966,2.06E-05,-275.4213952,"('Q3', '2021')",https://www.sec.gov/Archives/edgar/data/1794515/000179451521000318/Financial_Report.xlsx,2021-09,65300,25.84091808,0.332074197,77.81669973,"Q3,2021",0.10666035,-0.000544003,-10.65834404,6608100,4773400,0.722355897,1834700,29797,1785000,3017200,1834700,0.608080339,0.391919661
774,774,774,1794515,6/29/2021,174000,1794515_0.csv,18629,58000,696000,37.36110366,-0.135014927,1.135014927,0.135029354,0.004783209,1.81E-05,-276.7183187,"('Q2', '2021')",https://www.sec.gov/Archives/edgar/data/1794515/000179451521000194/Financial_Report.xlsx,2021-06,49900,22.51805054,0.2854044,78.89875056,"Q2,2021",0.091668941,0.000474886,-12.28873335,2823300,1831600,0.648744377,991700,30972,616300,1355500,991700,0.731611951,0.268388049
775,775,775,1794515,3/30/2021,153300,1794515_0.csv,16413,51100,613200,37.36062877,-0.097345724,1.097345724,0.097351467,0.004214172,1.60E-05,-383.7932174,"('Q1', '2021')",https://www.sec.gov/Archives/edgar/data/1794515/000179451521000122/Financial_Report.xlsx,2021-03,48800,33.51648352,0.446990529,74.98253625,"Q1,2021",0.143570559,0.000195528,-11.4508796,2547000,1600100,0.628229289,946900,31937,554300,1293000,946900,0.73232792,0.26767208
776,776,776,1794515,12/30/2020,139700,1794515_0.csv,14957,46566.66667,558800,37.36043324,,,,0.004630197,1.53E-05,,"('Q4', '2020')",https://www.sec.gov/Archives/edgar/data/1794515/000179451521000061/Financial_Report.xlsx,2020-12,45200,,,76.16957737,"Q4,2020",,NaN,,2327400,1387800,0.596287703,939600,1107,502800,1247700,939600,0.753065641,0.246934359
777,777,777,1800667,ttm,206683,1800667_0.csv,4000,68894.33333,826732,206.683,0.127589967,0.872410033,2.489145114,0.004809378,3.68E-06,1619.900094,"('-1', 'ttm')",,2021-ttm,96962,,,30.86585416,"-1,ttm",,155.0049193,,,,,,,,,,,
778,778,778,1800667,12/30/2021,59236,1800667_0.csv,4585,19745.33333,236944,51.6780807,-0.102958865,1.102958865,0.103029626,0.00162838,4.47E-06,-501.9293959,"('Q4', '2021')",,2021-12,30850,72.07943925,2.636875722,27.3351674,"Q4,2021",0.612300384,0.003315242,-6.963558556,852528,213947,0.25095598,638581,1819303,638581,638581,638581,1,0
779,779,779,1800667,9/29/2021,53703,1800667_0.csv,4157,17901,214812,51.67476546,-0.103823686,1.103823686,0.103705531,0.00147628,4.05E-06,-497.7165389,"('Q3', '2021')",https://www.sec.gov/Archives/edgar/data/1800667/000095017021003229/Financial_Report.xlsx,2021-09,24321,62.20204604,2.069831766,30.05173998,"Q3,2021",0.480659776,-0.005531942,-8.001610407,829679,185436,0.223503307,644243,122372,644243,644243,644243,1,0
780,780,780,1800667,6/29/2021,48657,1800667_0.csv,3766,16219,194628,51.6802974,-0.079083095,1.079083095,0.079180252,0.001337567,3.67E-06,-653.4936156,"('Q2', '2021')",https://www.sec.gov/Archives/edgar/data/1800667/000095017021001008/Financial_Report.xlsx,2021-06,22026,79.80434783,2.365349961,33.73891776,"Q2,2021",0.549226707,0.004652699,-8.1886969,728808,166861,0.22895056,561947,130357,561947,561947,561947,1,0
781,781,781,1800667,3/30/2021,45087,1800667_0.csv,3490,15029,180348,51.6756447,-0.0562954,1.0562954,0.056173722,0.001239428,3.40E-06,-917.9372585,"('Q1', '2021')",https://www.sec.gov/Archives/edgar/data/1800667/000095017021000141/Financial_Report.xlsx,2021-03,19765,106.2634409,2.58924209,41.04036516,"Q1,2021",0.601267875,-0.005953364,-8.638316726,735011,175613,0.238925676,559398,135433,559398,559398,559398,1,0
782,782,782,1800667,12/30/2020,42689,1800667_0.csv,3304,14229.66667,170756,51.68159806,,,,0.001414878,3.38E-06,,"('Q4', '2020')",https://www.sec.gov/Archives/edgar/data/1800667/000119312521041470/Financial_Report.xlsx,2020-12,18192,,,42.5535037,"Q4,2020",,NaN,,689231,135337,0.196359421,553894,123907,553894,553894,553894,1,0
783,783,783,1803696,ttm,877696,1803696_0.csv,1,292565.3333,3510784,3510784,#NAME?,inf,3.092795956,0.020423409,9.19E-10,0,"('-1', 'ttm')",,2021-ttm,0,,,52.53274747,"-1,ttm",,#NAME?,,,,,,,,,,,
784,784,784,1803696,12/30/2021,214449,1803696_0.csv,0,71483,857796,inf,,,-0.022472525,0.005895141,0,,"('Q4', '2021')",,2021-12,0,,,47.7924268,"Q4,2021",,,,2470022,1129594,0.457321433,1340428,354091,1349633,2079025,1340428,0.64473876,0.35526124
785,785,785,1803696,9/29/2021,219379,1803696_0.csv,0,73126.33333,877516,inf,1,0,-0.013015585,0.006030665,0,inf,"('Q3', '2021')",https://www.sec.gov/Archives/edgar/data/1803696/000156459021055270/Financial_Report.xlsx,2021-09,0,0,0,52.81020487,"Q3,2021",0,inf,#NAME?,2524542,1153388,0.456870197,1371154,257424,1379726,2118164,1371154,0.647331368,0.352668632
786,786,786,1803696,6/29/2021,222272,1803696_0.csv,1,74090.66667,889088,889088,0,1,0.003050597,0.006110192,9.74E-10,inf,"('Q2', '2021')",https://www.sec.gov/Archives/edgar/data/1803696/000156459021042188/Financial_Report.xlsx,2021-06,0,,,58.38262823,"Q2,2021",,2704,,2576794,1142524,0.443389732,1434270,254245,1441542,2189011,1434270,0.655213702,0.344786298
787,787,787,1803696,3/30/2021,221596,1803696_0.csv,1,73865.33333,886384,886384,0,1,-0.489324241,0.006091609,9.74E-10,inf,"('Q1', '2021')",https://www.sec.gov/Archives/edgar/data/1803696/000156459021024108/Financial_Report.xlsx,2021-03,0,,,50.3029623,"Q1,2021",,-849324,,2634912,1198035,0.454677424,1436877,14557,1443393,2228059,1436877,0.644900786,0.355099214
788,788,788,1803696,12/30/2020,433927,1803696_0.csv,1,144642.3333,1735708,1735708,,,,0.014382016,1.02E-09,,"('Q4', '2020')",https://www.sec.gov/Archives/edgar/data/1803696/000156459021009444/Financial_Report.xlsx,2020-12,0,,,58.3393952,"Q4,2020",,NaN,,2701176,1250057,0.462782507,1451119,18990,1456877,2252538,1451119,0.644215103,0.355784897
789,789,789,1806837,ttm,425548,1806837_0.csv,4000,141849.3333,1702192,425.548,0.047165317,0.952834683,2.811241671,0.009902222,3.68E-06,9022.477293,"('-1', 'ttm')",,2021-ttm,99005,,,77.07084678,"-1,ttm",,319.1582906,,,,,,,,,,,
790,790,790,1806837,12/30/2021,111656,1806837_0.csv,4198,37218.66667,446624,106.3897094,-0.008649688,1.008649688,0.008471974,0.003069391,4.09E-06,-12299.83251,"('Q4', '2021')",,2021-12,28332,787,9.688448866,81.23075333,"Q4,2021",1.092787893,-0.018748087,-15.62875796,670207,440123,0.65669711,230084,2708,230084,230084,230084,1,0
791,791,791,1806837,9/29/2021,110718,1806837_0.csv,4162,36906,442872,106.4084575,-0.055006337,1.055006337,0.055080143,0.003043606,4.05E-06,-1934.476335,"('Q3', '2021')",https://www.sec.gov/Archives/edgar/data/1806837/000155837021015677/Financial_Report.xlsx,2021-09,25658,118.2396313,1.451920914,81.4366886,"Q3,2021",0.163737464,0.007443531,-16.36064248,645844,421633,0.652840314,224211,2446,224211,224211,224211,1,0
792,792,792,1806837,6/29/2021,104938,1806837_0.csv,3945,34979.33333,419752,106.4010139,-0.068237206,1.068237206,0.068223462,0.002884715,3.84E-06,-1559.281526,"('Q2', '2021')",https://www.sec.gov/Archives/edgar/data/1806837/000155837021011506/Financial_Report.xlsx,2021-06,24865,98.67063492,1.026531285,96.12043621,"Q2,2021",0.115773102,-0.001368945,-15.8028934,609529,381685,0.626196621,227844,2687,227844,227844,227844,1,0
793,793,793,1806837,3/30/2021,98236,1806837_0.csv,3693,32745.33333,392944,106.4023829,0.013094602,0.986905398,-0.013139918,0.002700479,3.60E-06,8125.667689,"('Q1', '2021')",https://www.sec.gov/Archives/edgar/data/1806837/000155837021007098/Financial_Report.xlsx,2021-03,20150,-411.2244898,-7.308365601,56.26764071,"Q1,2021",-0.8242333,-0.004885954,-19.75968818,558337,331761,0.594194904,226576,2864,226576,226576,226576,1,0
794,794,794,1806837,12/30/2020,99544,1806837_0.csv,3742,33181.33333,398176,106.4072688,,,,0.003299272,3.83E-06,,"('Q4', '2020')",https://www.sec.gov/Archives/edgar/data/1806837/000155837021003017/Financial_Report.xlsx,2020-12,21118,,,59.5670661,"Q4,2020",,NaN,,554928,329442,0.593666205,225486,1994,225486,225486,225486,1,0
795,795,795,1810806,ttm,1110526,1810806_0.csv,28113777,370175.3333,4442104,0.158004526,-2.15389831,3.15389831,2.515835929,0.02584121,0.025833553,-0.073357468,"('-1', 'ttm')",,2021-ttm,344939,,,58.36914464,"-1,ttm",,0.016265771,,,,,,,,,,,
796,796,796,1810806,12/30/2021,315864,1810806_0.csv,8913977,105288,1263456,0.141738755,-0.103154493,1.103154493,0.103154424,0.008683009,0.008683009,-1.374043445,"('Q4', '2021')",,2021-12,102833,0.123369893,0.002110764,58.44796743,"Q4,2021",0.178703232,-8.81E-09,-11.13759133,4841346,2446955,0.505428656,2394391,1581,2394391,4097426,2394391,0.584364672,0.415635328
797,797,797,1810806,9/29/2021,286328,1810806_0.csv,8080443,95442.66667,1145312,0.141738764,-0.046665782,1.046665782,0.046665838,0.007871073,0.007871072,-3.037316828,"('Q3', '2021')",https://www.sec.gov/Archives/edgar/data/1810806/000181080621000171/Financial_Report.xlsx,2021-09,97425,0.270423685,0.004590555,58.90871808,"Q3,2021",0.388649184,7.66E-09,-11.23169678,2678277,711175,0.265534521,1967102,673.319,1967102,1967102,1967102,1,0
798,798,798,1810806,6/29/2021,273562,1810806_0.csv,7720175,91187.33333,1094248,0.141738756,-0.165224131,1.165224131,0.165224132,0.00752014,0.007520139,-0.857857477,"('Q2', '2021')",https://www.sec.gov/Archives/edgar/data/1810806/000181080621000152/Financial_Report.xlsx,2021-06,74888,0.068410235,0.001184593,57.74999146,"Q2,2021",0.10029096,1.93E-10,-12.5398996,2661732,691949,0.259961935,1969783,6695,1969783,1969783,1969783,1,0
799,799,799,1810806,3/30/2021,234772,1810806_0.csv,6625485,78257.33333,939088,0.141738756,0.071387355,0.928612645,0.065518118,0.006453814,0.006453814,1.985488265,"('Q1', '2021')",https://www.sec.gov/Archives/edgar/data/1810806/000181080621000103/Financial_Report.xlsx,2021-03,69793,-0.137027424,-0.002349394,58.32458167,"Q1,2021",-0.198906278,0.01821162,-14.4897146,2650442,633230,0.238914868,2017212,6717,2017212,2017212,2017212,1,0
800,800,800,1810806,12/30/2020,220336,1810806_0.csv,7134821,73445.33333,881344,0.123527135,,,,0.007302786,0.007302785,,"('Q4', '2020')",https://www.sec.gov/Archives/edgar/data/1810806/000181080621000052/Financial_Report.xlsx,2020-12,68677,,,55.1276957,"Q4,2020",,NaN,,2671225,634082,0.237374987,2037143,6469,2037143,2037143,2037143,1,0
801,801,801,317788,ttm,993389,317788_0.csv,31000000,331129.6667,3973556,0.128179226,0.338599602,0.661400398,1.645601579,0.023115509,0.028485683,0.378556929,"('-1', 'ttm')",,2021-ttm,52004,,,70.26290885,"-1,ttm",,0.096134419,,,,,,,,,,,
802,802,802,317788,12/30/2021,375487,317788_0.csv,46870247,125162.3333,1501948,0.032044807,-0.210447931,1.210447931,0.21044793,0.010322028,0.045655803,-0.152269525,"('Q4', '2021')",,2021-12,15857,0.001945921,2.78E-05,70.0857014,"Q4,2021",0.010397272,-4.50E-11,-78.25061476,1473480,987614,0.670259522,485866,1170,483592,825282,485866,0.588727247,0.411272753
803,803,803,317788,9/29/2021,310205,317788_0.csv,38721407,103401.6667,1240820,0.032044807,-0.458998654,1.458998654,0.45899866,0.008527445,0.037718105,-0.069814598,"('Q3', '2021')",https://www.sec.gov/Archives/edgar/data/317788/000162828021021199/Financial_Report.xlsx,2021-09,17479,0.001434858,2.02E-05,71.14230308,"Q3,2021",0.007552741,1.25E-10,-48.6561018,1412611,924229,0.654270001,488382,1334,486097,730198,488382,0.668835028,0.331164972
804,804,804,317788,6/29/2021,212615,317788_0.csv,26539714,70871.66667,850460,0.032044807,-1.236122599,2.236122599,1.236122505,0.005844724,0.025852049,-0.025923647,"('Q2', '2021')",https://www.sec.gov/Archives/edgar/data/317788/000162828021016277/Financial_Report.xlsx,2021-06,13736,0.000936264,1.35E-05,69.31597357,"Q2,2021",0.005058111,-1.35E-09,-27.68840885,1424044,897269,0.630085166,526775,1367,502910,736840,526775,0.714910971,0.285089029
805,805,805,317788,3/30/2021,95082,317788_0.csv,11868631,31694,380328,0.032044808,-0.073257214,1.073257214,0.073257179,0.002613776,0.011561106,-0.4374287,"('Q1', '2021')",https://www.sec.gov/Archives/edgar/data/317788/000162828021012023/Financial_Report.xlsx,2021-03,4932,0.006088017,8.64E-05,70.45965638,"Q1,2021",0.032356304,-1.05E-09,-71.85076813,260369,115257,0.442667906,145112,1560,145012,145112,145112,1,0
806,806,806,317788,12/30/2020,88592,317788_0.csv,11058515,29530.66667,354368,0.032044809,,,,0.002936281,0.011318849,,"('Q4', '2020')",https://www.sec.gov/Archives/edgar/data/317788/000162828021001381/Financial_Report.xlsx,2020-12,5219,,,87.19785139,"Q4,2020",,NaN,,232441,120267,0.517408719,112174,1749,112074,129226,112174,0.86804513,0.13195487
807,807,807,320340,ttm,48248,320340_0.csv,403000,16082.66667,192992,0.478888337,0.075425121,0.924574879,2.698298329,0.001122699,0.000370314,6.349188861,"('-1', 'ttm')",,2021-ttm,279,,,91.84397163,"-1,ttm",,0.359166215,,,,,,,,,,,
808,808,808,320340,12/30/2021,13046,320340_0.csv,435876,4348.666667,52184,0.119722123,-0.00858233,1.00858233,0.008581368,0.000358631,0.000424582,-13.94983841,"('Q4', '2021')",,2021-12,100,0.026961445,0.000303599,88.80597015,"Q4,2021",0.030430413,-1.14E-07,-517.3995065,58148,14274,0.245477059,43874,893100,43874,43874,43874,1,0
809,809,809,320340,9/29/2021,12935,320340_0.csv,432167,4311.666667,51740,0.119722237,0.031450022,0.968549978,-0.031448896,0.000355579,0.000420969,3.806745682,"('Q3', '2021')",https://www.sec.gov/Archives/edgar/data/320340/000143774921025179/Financial_Report.xlsx,2021-09,97,-0.006912278,-7.82E-05,88.41698842,"Q3,2021",-0.007835955,1.39E-07,-550.7222902,54290,12632,0.232676368,41658,897100,41658,41658,41658,1,0
810,810,810,320340,6/29/2021,13355,320340_0.csv,446200,4451.666667,53420,0.119722098,-0.498542431,1.498542431,0.498541293,0.000367125,0.000434639,-0.240144249,"('Q2', '2021')",https://www.sec.gov/Archives/edgar/data/320340/000143774921018617/Financial_Report.xlsx,2021-06,46,0.000309881,3.85E-06,80.45602606,"Q2,2021",0.00038605,-9.09E-08,-774.9559332,52615,12009,0.228242897,40606,897100,40606,40606,40606,1,0
811,811,811,320340,3/30/2021,8912,320340_0.csv,297756,2970.666667,35648,0.119722189,0.073885497,0.926114503,-0.073885483,0.000244988,0.000290041,1.620374683,"('Q1', '2021')",https://www.sec.gov/Archives/edgar/data/320340/000143774921010685/Financial_Report.xlsx,2021-03,37,-0.001557567,-2.49E-05,62.46533555,"Q1,2021",-0.002499276,1.84E-09,-1040.32434,53833,11186,0.20779076,42647,896900,42647,42647,42647,1,0
812,812,812,320340,12/30/2020,9623,320340_0.csv,321511,3207.666667,38492,0.119722187,,,,0.000318943,0.00032908,,"('Q4', '2020')",https://www.sec.gov/Archives/edgar/data/320340/000143774921004982/Financial_Report.xlsx,2020-12,38,,,62.06706982,"Q4,2020",,NaN,,57025,12874,0.225760631,44151,2985,44151,44151,44151,1,0
813,813,813,50471,ttm,19521,50471_0.csv,494188,6507,78084,0.158004646,-3.021941354,4.021941354,3.483463482,0.000454241,0.000454106,-0.052285808,"('-1', 'ttm')",,2021-ttm,4848,,,62.60204082,"-1,ttm",,0.016264801,,,,,,,,,,,
814,814,814,50471,12/30/2021,4354,50471_0.csv,122873,1451.333333,17416,0.141739845,0.045179389,0.954820611,-0.045175439,0.00011969,0.000119689,3.137267881,"('Q4', '2021')",,2021-12,1152,-0.198142415,-0.002990707,66.25269978,"Q4,2021",-0.253199686,5.86E-07,-15.83339884,50284,4798,0.095418026,45487,2937,45478,45487,45486,0.999978016,2.20E-05
815,815,815,50471,9/29/2021,4560,50471_0.csv,128687,1520,18240,0.141739259,0.005448559,0.994551441,-0.005452563,0.000125353,0.000125353,26.01407968,"('Q3', '2021')",https://www.sec.gov/Archives/edgar/data/50471/000185173421000093/Financial_Report.xlsx,2021-09,1189,-1.686524823,-0.028932782,58.29113924,"Q3,2021",-2.449521654,-5.71E-07,-15.42466457,49671,3542,0.071309215,46129,3000,46121,46129,46129,1,0
816,816,816,50471,6/29/2021,4585,50471_0.csv,129392,1528.333333,18340,0.141739829,0.238754162,0.761245838,-0.238751453,0.00012604,0.000126039,0.593664328,"('Q2', '2021')",https://www.sec.gov/Archives/edgar/data/50471/000165495421010502/Financial_Report.xlsx,2021-06,1352,-0.033315263,-0.000746166,44.64857054,"Q2,2021",-0.063172058,5.05E-07,-17.81959006,55047,9906,0.179955311,45141,3085,45133,45141,45141,1,0
817,817,817,50471,3/30/2021,6023,50471_0.csv,169974,2007.666667,24092,0.141739325,-0.014515763,1.014515763,0.164089679,0.000165571,0.00016557,-9.764510675,"('Q1', '2021')",https://www.sec.gov/Archives/edgar/data/50471/000165495421005915/Financial_Report.xlsx,2021-03,1155,0.474917763,0.014962821,31.73985548,"Q1,2021",1.266789209,0.01821209,-20.56042421,56232,11314,0.201202162,44918,3474,44910,44918,44918,1,0
818,818,818,50471,12/30/2020,5174,50471_0.csv,167542,1724.666667,20696,0.123527235,,,,0.000171486,0.000171486,,"('Q4', '2020')",https://www.sec.gov/Archives/edgar/data/50471/000165495421001744/Financial_Report.xlsx,2020-12,1205,,,39.04343582,"Q4,2020",,NaN,,55015,10358,0.188275925,44658,2473,44649,44668,44657,0.999753739,0.000246261
819,819,819,704366,ttm,0,704366_0.csv,0,0,0,,,,,0,0,,"('-1', 'ttm')",,ttm'-ttm,0,,,32.74244004,"-1,ttm",,NaN,,,,,,,,,,,
820,820,820,713425,ttm,121470,713425_0.csv,10000,40490,485880,48.588,0.063319595,0.936680405,2.746530134,0.002826527,9.19E-06,767.3453964,"('-1', 'ttm')",,2021-ttm,22336,,,59.31684935,"-1,ttm",,36.44037917,,,,,,,,,,,
821,821,821,713425,1/30/2022,32422,713425_0.csv,10676,10807.33333,129688,12.14762083,-0.03882456,1.03882456,0.038800423,0.000754439,9.81E-06,-312.8849606,"('Q4', '2021')",,2021-12,5222,13.0877193,0.144680995,90.45914645,"Q4,2021",0.142922796,-0.000282253,-23.90675973,186050,55171,0.296538565,130879,2990,130879,130879,130879,1,0
822,822,822,713425,10/30/2021,31211,713425_0.csv,10277,10403.66667,124844,12.14790308,-0.066300062,1.066300062,0.066277203,0.000857981,1.00E-05,-183.2261188,"('Q3', '2021')",https://www.sec.gov/Archives/edgar/data/713425/000162828021024496/Financial_Report.xlsx,2021-09,5892,9.220657277,0.101709289,90.6569825,"Q3,2021",0.100470959,-0.000260435,-19.87126441,179608,50761,0.282621041,128847,3008,128847,128847,128847,1,0
823,823,823,713425,7/30/2021,29271,713425_0.csv,9638,9757,117084,12.14816352,-0.024665107,1.024665107,0.024679689,0.000804651,9.39E-06,-492.5242503,"('Q2', '2021')",https://www.sec.gov/Archives/edgar/data/713425/000162828021013701/Financial_Report.xlsx,2021-06,6120,26.37931034,0.291526726,90.48676497,"Q2,2021",0.287971158,0.000172875,-18.67085393,179456,52922,0.294902372,126534,657,126534,126534,126534,1,0
824,824,824,713425,4/29/2021,28566,713425_0.csv,9406,9522,114264,12.14799064,-0.031925398,1.031925398,0.031896832,0.000785271,9.16E-06,-380.5118032,"('Q1', '2021')",,2021-03,5102,17.53264605,0.194690821,90.05378881,"Q1,2021",0.192319036,-0.000336289,-21.70304483,177157,54766,0.309138222,122391,3400,122391,122391,122391,1,0
825,825,825,713425,1/30/2021,27683,713425_0.csv,9115,9227.666667,110732,12.14832693,,,,0.000760998,8.88E-06,,"('Q4', '2020')",https://www.sec.gov/Archives/edgar/data/713425/000162828021004014/Financial_Report.xlsx,2020-12,5029,,,90.61963004,"Q4,2020",,NaN,,167424,47074,0.28116638,120350,3637,120350,120350,120350,1,0
826,826,826,723531,ttm,4332300,723531_0.csv,680000,1444100,17329200,25.48411765,0.02293516,0.97706484,2.908254398,0.100809773,0.000624847,1111.137545,"('-1', 'ttm')",,2021-ttm,0,,,91.2817552,"-1,ttm",,19.11308015,,,,,,,,,,,
827,827,827,723531,11/29/2021,1108500,723531_0.csv,695962,369500,4434000,6.371037499,-0.023639118,1.023639118,0.023640225,0.030472342,0.000677929,-269.5124866,"('Q4', '2021')",https://www.sec.gov/Archives/edgar/data/723531/000072353121000064/Financial_Report.xlsx,2021-12,0,0,0,63.85108979,"Q4,2021",0,6.89E-06,#NAME?,9688100,6568300,0.677976074,3119800,3849,3119800,3917300,3119800,0.796415899,0.203584101
828,828,828,723531,8/30/2021,1082900,723531_0.csv,679890,360966.6667,4331600,6.371030608,-0.052176268,1.052176268,0.052176448,0.029768605,0.000662274,-122.1059084,"('Q3', '2021')",https://www.sec.gov/Archives/edgar/data/723531/000072353121000050/Financial_Report.xlsx,2021-09,0,0,0,62.63558033,"Q3,2021",0,1.09E-06,#NAME?,9367300,6323800,0.675093143,3043500,3060000,3043500,3840900,3043500,0.792392408,0.207607592
829,829,829,723531,5/30/2021,1029200,723531_0.csv,646175,343066.6667,4116800,6.37102952,0.074209387,0.925790613,-0.074210668,0.028292408,0.000629432,85.85207053,"('Q2', '2021')",,2021-06,0,0,0,64.01087301,"Q2,2021",0,-8.82E-06,#NAME?,9227200,6279200,0.680509797,2948000,3049500,2948000,3745300,2948000,0.787119857,0.212880143
830,830,830,723531,2/27/2021,1111700,723531_0.csv,697971,370566.6667,4446800,6.371038338,,,,0.030560309,0.000679886,,"('Q1', '2021')",https://www.sec.gov/Archives/edgar/data/723531/000072353121000035/Financial_Report.xlsx,2021-03,0,,,64.21433183,"Q1,2021",,NaN,,9665900,6689500,0.69207213,2976400,2085000,2976400,3773600,2976400,0.788742845,0.211257155
831,831,831,727634,ttm,1117,727634_0.csv,28277,372.3333333,4468,0.158008275,-2.553279719,3.553279719,2.960992908,2.60E-05,2.60E-05,-0.061884436,"('-1', 'ttm')",,2021-ttm,107,,,64.61360634,"-1,ttm",,0.016264118,,,,,,,,,,,
832,832,832,727634,9/29/2021,282,727634_0.csv,7958,94,1128,0.141744157,-0.052227952,1.052227952,0.052238806,7.75E-06,7.75E-06,-2.713952046,"('Q3', '2021')",https://www.sec.gov/Archives/edgar/data/727634/000121390021059154/Financial_Report.xlsx,2021-09,15,0.037974684,0.0005756,65.9740968,"Q3,2021",0.048730043,1.46E-06,-71.46740387,258,5973,23.15116279,5715,2091200,5715,5670,-5715,-1.007936508,2.007936508
833,833,833,727634,6/29/2021,268,727634_0.csv,7563,89.33333333,1072,0.141742695,-0.034751676,1.034751676,0.034749035,7.37E-06,7.37E-06,-4.078729746,"('Q2', '2021')",https://www.sec.gov/Archives/edgar/data/727634/000121390021042866/Financial_Report.xlsx,2021-06,22,0.086614173,0.001258455,68.82581678,"Q2,2021",0.106541339,-3.62E-07,-47.09078889,183,5909,32.28961749,5726,2104600,5726,5681,-5726,-1.007921141,2.007921141
834,834,834,727634,3/30/2021,259,727634_0.csv,7309,86.33333333,1036,0.141743057,0.264762096,0.735237904,-0.156351792,7.12E-06,7.12E-06,0.535360078,"('Q1', '2021')",https://www.sec.gov/Archives/edgar/data/727634/000121390021020616/Financial_Report.xlsx,2021-03,49,-0.018617021,-0.000276985,67.21311475,"Q1,2021",-0.02344961,0.018214236,-28.75648418,343,6196,18.06413994,5853,10728,5853,5853,-5853,-1,2
835,835,835,727634,12/30/2020,307,727634_0.csv,9941,102.3333333,1228,0.12352882,,,,1.02E-05,1.02E-05,,"('Q4', '2020')",,2020-12,21,,,69.88768012,"Q4,2020",,NaN,,146,5833,39.95205479,5687,11670,5687,5597,-5687,-1.016080043,2.016080043
836,836,836,736012,ttm,7212,736012_0.csv,182577,2404,28848,0.158004568,-2.556717901,3.556717901,2.964815833,0.000167818,0.000167769,-0.061799766,"('-1', 'ttm')",,2021-ttm,12064,,,69.68495406,"-1,ttm",,0.016263388,,,,,,,,,,,
837,837,837,736012,9/29/2021,1819,736012_0.csv,51333,606.3333333,7276,0.14174118,0.071954152,0.928045848,-0.071938776,5.00E-05,5.00E-05,1.969881884,"('Q3', '2021')",https://www.sec.gov/Archives/edgar/data/736012/000168316821005474/Financial_Report.xlsx,2021-09,3782,-0.950251256,-0.013827563,68.72152688,"Q3,2021",-1.170660201,2.35E-06,-2.073011607,12777,6000,0.469593801,6777,12593,6777,6777,6777,1,0
838,838,838,736012,6/29/2021,1960,736012_0.csv,55313,653.3333333,7840,0.141738832,-0.058318186,1.058318186,0.058315335,5.39E-05,5.39E-05,-2.430439646,"('Q2', '2021')",https://www.sec.gov/Archives/edgar/data/736012/000168316821003539/Financial_Report.xlsx,2021-06,3652,1.19816273,0.017869974,67.04893676,"Q2,2021",1.512921198,-3.82E-07,-2.028472081,13843,5858,0.423174167,7985,13631,7985,7985,7985,1,0
839,839,839,736012,3/30/2021,1852,736012_0.csv,52265,617.3333333,7408,0.141739214,-0.02155897,1.02155897,0.172151899,5.09E-05,5.09E-05,-6.574489254,"('Q1', '2021')",https://www.sec.gov/Archives/edgar/data/736012/000168316821001903/Financial_Report.xlsx,2021-03,2689,2.437896646,0.027645258,88.18498575,"Q1,2021",2.340517366,0.018210032,-2.696787522,16822,4699,0.279336583,12123,14140,12123,12330,12123,0.983211679,0.016788321
840,840,840,736012,12/30/2020,1580,736012_0.csv,51162,526.6666667,6320,0.123529182,,,,5.24E-05,5.24E-05,,"('Q4', '2020')",https://www.sec.gov/Archives/edgar/data/736012/000168316821000836/Financial_Report.xlsx,2020-12,1941,,,87.66423358,"Q4,2020",,NaN,,19882,4221,0.212302585,15661,64032000,15661,15873,15661,0.986643987,0.013356013
841,841,841,746210,ttm,9689,746210_0.csv,245284,3229.666667,38756,0.158004599,-3.831373476,4.831373476,4.385769872,0.000225457,0.00022539,-0.041239675,"('-1', 'ttm')",,2021-ttm,2221,,,88.1321474,"-1,ttm",,0.016264561,,,,,,,,,,,
842,842,842,746210,9/29/2021,1799,746210_0.csv,50769,599.6666667,7196,0.141740038,0.122008163,0.877991837,-0.122010737,4.95E-05,4.95E-05,1.161725864,"('Q3', '2021')",https://www.sec.gov/Archives/edgar/data/746210/000074621021000062/Financial_Report.xlsx,2021-09,438,-0.062083629,-0.000702125,88.42242503,"Q3,2021",-0.059443363,-4.16E-07,-18.7122739,31698,3553,0.112089091,28145,63338000,28145,28145,28145,1,0
843,843,843,746210,6/29/2021,2049,746210_0.csv,57824,683,8196,0.141740454,-0.068302326,1.068302326,0.068300313,5.63E-05,5.63E-05,-2.075192194,"('Q2', '2021')",https://www.sec.gov/Archives/edgar/data/746210/000074621021000055/Financial_Report.xlsx,2021-06,572,0.154720043,0.0017472,88.553137,"Q2,2021",0.147921075,-2.67E-07,-13.41256214,34937,6632,0.189827404,28305,67775000,28305,30722,28305,0.921326737,0.078673263
844,844,844,746210,3/30/2021,1918,746210_0.csv,54127,639.3333333,7672,0.141740721,0.573910511,0.426089489,-0.511088453,5.27E-05,5.27E-05,0.246973558,"('Q1', '2021')",https://www.sec.gov/Archives/edgar/data/746210/000074621021000034/Financial_Report.xlsx,2021-03,527,-0.007228585,-8.11E-05,89.10637085,"Q1,2021",-0.006868014,0.018212791,-34.16623768,26671,7740,0.290202842,18931,67330000,18931,18931,18931,1,0
845,845,845,746210,12/30/2020,3923,746210_0.csv,127032,1307.666667,15692,0.12352793,,,,0.000130023,0.000130023,,"('Q4', '2020')",https://www.sec.gov/Archives/edgar/data/746210/000074621021000024/Financial_Report.xlsx,2020-12,684,,,89.66526037,"Q4,2020",,NaN,,29143,7086,0.243145867,22057,69398000,22057,22460,22057,0.98205699,0.01794301
846,846,846,769397,ttm,4386400,769397_0.csv,4870000,1462133.333,17545600,3.602792608,0.094915656,0.905084344,2.620336745,0.102068645,0.004475009,37.95783281,"('-1', 'ttm')",,2021-ttm,1623100,,,90.38201437,"-1,ttm",,2.702094299,,,,,,,,,,,
847,847,847,769397,1/30/2022,1211600,769397_0.csv,5380714,403866.6667,4846400,0.900698309,-0.076212323,1.076212323,0.076212471,0.028193136,0.0049443,-11.81827649,"('Q4', '2021')",,2021-12,427800,1.122725615,0.012576838,89.26930581,"Q4,2021",0.167561165,1.24E-07,-10.52641566,8606800,7757700,0.901345448,849100,4673000,849100,3127000,849100,0.271538216,0.728461784
848,848,848,769397,10/30/2021,1125800,769397_0.csv,4999677,375266.6667,4503200,0.900698185,-0.062376132,1.062376132,0.062376144,0.030947914,0.004870132,-14.43978896,"('Q3', '2021')",https://www.sec.gov/Archives/edgar/data/769397/000076939721000094/Financial_Report.xlsx,2021-09,419400,1.428717425,0.016455901,86.820978,"Q3,2021",0.219241935,1.01E-08,-10.10681938,8531000,7251100,0.849970695,1279900,4685000,1279900,3906700,1279900,0.327616659,0.672383341
849,849,849,769397,7/30/2021,1059700,769397_0.csv,4706127,353233.3333,4238800,0.900698175,-0.071161585,1.071161585,0.071161427,0.029130844,0.004584188,-12.65708424,"('Q2', '2021')",https://www.sec.gov/Archives/edgar/data/769397/000076939721000075/Financial_Report.xlsx,2021-06,398800,1.275559977,0.01517261,84.06991069,"Q2,2021",0.202144654,-1.33E-07,-9.922766845,7420600,6092800,0.821065682,1327800,4693000,1327800,2966200,1327800,0.44764345,0.55235655
850,850,850,769397,4/29/2021,989300,769397_0.csv,4393480,329766.6667,3957200,0.900698307,0.04801774,0.95198226,-0.048017706,0.027195569,0.004279642,18.75761554,"('Q1', '2021')",https://www.sec.gov/Archives/edgar/data/769397/000076939721000034/Financial_Report.xlsx,2021-03,377100,-1.701668727,-0.047283069,35.98896535,"Q1,2021",-0.62995214,3.23E-08,-11.0230712,7298300,6169900,0.845388652,1128400,4707000,1128400,2766300,1128400,0.407909482,0.592090518
851,851,851,769397,1/30/2021,1039200,769397_0.csv,4615086,346400,4156800,0.900698275,,,,0.028567305,0.004495506,,"('Q4', '2020')",https://www.sec.gov/Archives/edgar/data/769397/000076939721000014/Financial_Report.xlsx,2020-12,388800,,,33.46861574,"Q4,2020",,NaN,,7279800,6314300,0.86737273,965500,130606,965500,2602700,965500,0.370960925,0.629039075
852,852,852,78749,ttm,152414,78749_0.csv,1500,50804.66667,609656,406.4373333,0.034127495,0.965872505,2.862493664,0.003546574,1.38E-06,11909.38073,"('-1', 'ttm')",,2021-ttm,16336,,,34.10581281,"-1,ttm",,304.8017892,,,,,,,,,,,
853,853,853,78749,12/30/2021,39460,78749_0.csv,1553,13153.33333,157840,101.6355441,-0.04158283,1.04158283,0.041380766,0.001084744,1.51E-06,-2444.170908,"('Q4', '2021')",,2021-12,3943,63.59677419,1.709835926,37.19466485,"Q4,2021",0.201878499,-0.019720815,-38.43230948,202338,74925,0.370296237,127413,129449,92413,127413,127413,1,0
854,854,854,78749,9/29/2021,37892,78749_0.csv,1491,12630.66667,151568,101.6552649,0.021653543,0.978346457,-0.021510652,0.00104164,1.45E-06,4694.624962,"('Q3', '2021')",https://www.sec.gov/Archives/edgar/data/78749/000156459021052677/Financial_Report.xlsx,2021-09,3423,-103.7272727,-2.834091194,36.59983594,"Q3,2021",-0.334553201,0.014844975,-45.25931164,188100,64923,0.345151515,123177,128735,87718,123177,123177,1,0
855,855,855,78749,6/29/2021,38725,78749_0.csv,1524,12908.33333,154900,101.6404199,-0.065734266,1.065734266,0.065747468,0.001064539,1.48E-06,-1546.23192,"('Q2', '2021')",https://www.sec.gov/Archives/edgar/data/78749/000156459021039159/Financial_Report.xlsx,2021-06,3052,32.46808511,0.899042049,36.11408958,"Q2,2021",0.106143841,0.001259108,-47.62313254,189485,69998,0.369411827,119487,124083,84487,119487,119487,1,0
856,856,856,78749,3/30/2021,36336,78749_0.csv,1430,12112,145344,101.6391608,0.009009009,0.990990991,-0.009243354,0.000998866,1.39E-06,11281.94685,"('Q1', '2021')",,2021-03,5918,-455.2307692,-12.60535084,36.11408958,"Q1,2021",-1.488247333,-0.024040824,-24.78291806,189873,74538,0.392567664,115335,6769,79876,115335,115335,1,0
857,857,857,78749,12/30/2020,36675,78749_0.csv,1443,12225,146700,101.6632017,,,,0.001215551,1.48E-06,,"('Q4', '2020')",https://www.sec.gov/Archives/edgar/data/78749/000156459021029319/Financial_Report.xlsx,2020-12,3327,,,89.7262071,"Q4,2020",,NaN,,189201,72422,0.382778104,116779,2267732,81779,116779,116779,1,0
858,858,858,789019,ttm,184903000,789019_0.csv,75000000,61634333.33,739612000,9.861493333,0.106368887,0.893631113,2.574524436,4.302571262,0.068916974,92.71031752,"('-1', 'ttm')",,2021-ttm,20865000,,,90.98023895,"-1,ttm",,7.39611999,,,,,,,,,,,
859,859,859,789019,12/30/2021,51728000,789019_0.csv,83927248,17242666.67,206912000,2.465373343,-0.141470088,1.141470088,0.141470088,1.421987643,0.081752628,-17.42681705,"('Q4', '2021')",,2021-12,5379000,0.5171285,0.005758761,89.7985737,"Q4,2021",0.02803029,7.57E-10,-33.69920061,340389000,180379000,0.52992018,160010000,2234141,160010000,208270000,160010000,0.768281558,0.231718442
860,860,860,789019,9/29/2021,45317000,789019_0.csv,73525578,15105666.67,181268000,2.465373343,0.018092385,0.981907615,-0.01809239,1.245751122,0.071620473,136.2657991,"('Q3', '2021')",https://www.sec.gov/Archives/edgar/data/789019/000156459021051992/Financial_Report.xlsx,2021-09,4547000,-3.356304124,-0.037514825,89.46607441,"Q3,2021",-0.182600295,-1.27E-08,-40.59995581,335418000,183440000,0.546899689,151978000,2224283,151978000,202017000,151978000,0.752303024,0.247696976
861,861,861,789019,6/29/2021,46152000,789019_0.csv,74880342,15384000,184608000,2.465373355,-0.106603368,1.106603368,0.106603366,1.268705029,0.072940134,-23.12659904,"('Q2', '2021')",https://www.sec.gov/Archives/edgar/data/789019/000156459021039151/Financial_Report.xlsx,2021-06,5857000,0.811948466,0.00916496,88.59268941,"Q2,2021",0.044609682,-4.18E-09,-28.482841,333779000,191791000,0.574604753,141988000,2217742,141988000,192062000,141988000,0.739282107,0.260717893
862,862,862,789019,3/30/2021,41706000,789019_0.csv,67666830,13902000,166824000,2.465373359,0.031804252,0.968195748,-0.031804253,1.146485784,0.06591353,77.51709896,"('Q1', '2021')",https://www.sec.gov/Archives/edgar/data/789019/000156459021020891/Financial_Report.xlsx,2021-03,5082000,-2.286318932,-0.025312685,90.32305184,"Q1,2021",-0.12320739,-2.10E-09,-33.90476188,308879000,174374000,0.564538217,134505000,2312762,134505000,184512000,134505000,0.728976977,0.271023023
863,863,863,789019,12/30/2020,43076000,789019_0.csv,69889617,14358666.67,172304000,2.465373362,,,,1.427704953,0.07153492,,"('Q4', '2020')",https://www.sec.gov/Archives/edgar/data/789019/000156459021002316/Financial_Report.xlsx,2020-12,4947000,,,76.46882772,"Q4,2020",,NaN,,304137000,173901000,0.571785084,130236000,454709,130236000,185372000,130236000,0.702565652,0.297434348
864,864,864,796343,ttm,15785000,796343_0.csv,12000000,5261666.667,63140000,5.261666667,0.039841843,0.960158157,2.840632603,0.367306574,0.011026716,132.063838,"('-1', 'ttm')",,2021-ttm,4321000,,,78.53245275,"-1,ttm",,3.946249991,,,,,,,,,,,
865,865,865,796343,11/29/2021,4110000,796343_0.csv,12497941,1370000,16440000,1.315416675,-0.044472701,1.044472701,0.044472681,0.112982702,0.01217411,-29.57807032,"('Q4', '2021')",,2021-12,1131000,2.125336606,0.027118435,78.3723926,"Q4,2021",0.247390216,-2.50E-08,-13.91688745,27241000,12444000,0.456811424,14797000,347385,14797000,18920000,14797000,0.782082452,0.217917548
866,866,866,796343,8/30/2021,3935000,796343_0.csv,11965790,1311666.667,15740000,1.3154167,-0.026075606,1.026075606,0.026075619,0.108172003,0.011655747,-50.44625598,"('Q3', '2021')",https://www.sec.gov/Archives/edgar/data/796343/000079634321000210/Financial_Report.xlsx,2021-09,1068000,3.512164322,0.04640694,75.68187732,"Q3,2021",0.423351229,1.69E-08,-14.36329606,26144000,11730000,0.448668911,14414000,347186,14414000,18536000,14414000,0.777621925,0.222378075
867,867,867,796343,5/30/2021,3835000,796343_0.csv,11661704,1278333.333,15340000,1.315416684,0.017925711,0.982074289,-0.017925736,0.105423032,0.01135954,73.38156345,"('Q2', '2021')",https://www.sec.gov/Archives/edgar/data/796343/000079634321000159/Financial_Report.xlsx,2021-06,1073000,-5.040871935,-0.068730696,73.34236678,"Q2,2021",-0.627001592,-3.41E-08,-14.55731556,25582000,11730000,0.458525526,13852000,346988,13852000,17972000,13852000,0.770754507,0.229245493
868,868,868,796343,2/27/2021,3905000,796343_0.csv,11874564,1301666.667,15620000,1.315416718,,,,0.107347312,0.011566885,,"('Q1', '2021')",https://www.sec.gov/Archives/edgar/data/796343/000079634321000069/Financial_Report.xlsx,2021-03,1049000,,,71.34315364,"Q1,2021",,NaN,,24985000,11439000,0.457834701,13546000,460709,13546000,17665000,13546000,0.766827059,0.233172941
869,869,869,807863,ttm,126294,807863_0.csv,80000000,42098,505176,0.0063147,0.02769993,0.97230007,2.889200259,0.002938778,0.073511439,0.227968088,"('-1', 'ttm')",,2021-ttm,33550,,,29.10211491,"-1,ttm",,0.004736025,,,,,,,,,,,
870,870,870,807863,12/30/2021,32473,807863_0.csv,82279126,10824.33333,129892,0.001578675,0.023984854,0.976015146,-0.023984852,0.000892673,0.08014721,0.065819662,"('Q4', '2021')",,2021-12,8438,-0.004173201,-0.000137817,30.28066875,"Q4,2021",-1.047592483,4.23E-12,-15.77198392,403001,215572,0.534916787,187429,1684264,187429,310061,187429,0.604490729,0.395509271
871,871,871,807863,9/29/2021,33271,807863_0.csv,84301075,11090.33333,133084,0.001578675,-0.046982186,1.046982186,0.046982189,0.00091461,0.082116769,-0.033601565,"('Q3', '2021')",https://www.sec.gov/Archives/edgar/data/807863/000080786321000098/Financial_Report.xlsx,2021-09,8449,0.00223346,6.04E-05,36.99722535,"Q3,2021",0.458878411,4.08E-12,-15.0446207,419693,226863,0.540545113,192830,1312688,192830,313748,192830,0.614601527,0.385398473
872,872,872,807863,6/29/2021,31778,807863_0.csv,80518156,10592.66667,127112,0.001578675,-0.104438203,1.104438203,0.104438189,0.000873568,0.078431868,-0.015115877,"('Q2', '2021')",https://www.sec.gov/Archives/edgar/data/807863/000080786321000084/Financial_Report.xlsx,2021-06,8133,0.001068167,3.86E-05,27.6544523,"Q2,2021",0.293604316,-2.01E-11,-14.15123553,422398,233874,0.553681599,188524,1113437,188524,308149,188524,0.611794943,0.388205057
873,873,873,807863,3/30/2021,28773,807863_0.csv,72904175,9591,115092,0.001578675,-0.107676304,1.107676304,0.107676317,0.000790961,0.071015171,-0.014661304,"('Q1', '2021')",https://www.sec.gov/Archives/edgar/data/807863/000080786321000063/Financial_Report.xlsx,2021-03,8530,0.00120362,5.01E-05,24.02836723,"Q1,2021",0.380762004,1.77E-11,-12.18100834,355801,188072,0.528587609,167729,1024326,167729,285421,167729,0.587654728,0.412345272
874,874,874,807863,12/30/2020,25976,807863_0.csv,65817220,8658.666667,103904,0.001578675,,,,0.000860945,0.067366653,,"('Q4', '2020')",https://www.sec.gov/Archives/edgar/data/807863/000080786321000016/Financial_Report.xlsx,2020-12,7385,,,32.13636118,"Q4,2020",,NaN,,177032,35279,0.199280356,141753,940646,141753,141753,141753,1,0
875,875,875,807882,ttm,1143670,807882_0.csv,500000000,381223.3333,4574680,0.00914936,0.170558815,0.829441185,2.317764736,0.026612449,0.459446496,0.053643431,"('-1', 'ttm')",,2021-ttm,0,,,61.8675013,"-1,ttm",,0.00686202,,,,,,,,,,,
876,876,876,807882,1/30/2022,344711,807882_0.csv,602815497,114903.6667,1378844,0.00228734,-0.237945944,1.237945944,0.237945944,0.008021198,0.553922935,-0.009612856,"('Q4', '2021')",,2021-12,0,0,0,61.89473684,"Q4,2021",0,1.24E-12,#NAME?,1758596,2544660,1.446983844,786064,670528,786064,488708,-786064,-1.60845331,2.60845331
877,877,877,807882,9/29/2021,278454,807882_0.csv,486948158,92818,1113816,0.00228734,-0.033385537,1.033385537,0.033385537,0.007654619,0.474330955,-0.0685129,"('Q3', '2021')",https://www.sec.gov/Archives/edgar/data/807882/000080788221000016/Financial_Report.xlsx,2021-09,0,0,0,59.7826087,"Q3,2021",0,-1.23E-12,#NAME?,1750137,2568019,1.467324558,817882,677739,817882,455538,-817882,-1.795419921,2.795419921
878,878,878,807882,6/29/2021,269458,807882_0.csv,471216347,89819.33333,1077832,0.00228734,-0.047590168,1.047590168,0.047590167,0.007407322,0.459006767,-0.048063289,"('Q2', '2021')",https://www.sec.gov/Archives/edgar/data/807882/000080788221000013/Financial_Report.xlsx,2021-06,0,0,0,63.13645621,"Q2,2021",0,-2.07E-12,#NAME?,1787473,2599075,1.454049935,811602,685895,811602,460803,-811602,-1.761277596,2.761277596
879,879,879,807882,3/30/2021,257217,807882_0.csv,449809822,85739,1028868,0.00228734,0.240219058,0.759780942,-0.240219058,0.00707082,0.438154902,0.009521892,"('Q1', '2021')",https://www.sec.gov/Archives/edgar/data/807882/000080788221000008/Financial_Report.xlsx,2021-03,0,0,0,62.52545825,"Q1,2021",0,1.02E-12,#NAME?,1790775,2571332,1.435876646,780557,713938,780557,490855,-780557,-1.590198735,2.590198735
880,880,880,807882,1/30/2021,338541,807882_0.csv,592025671,112847,1354164,0.00228734,0,1,0,0.009306393,0.576685828,inf,"('Q4', '2020')",https://www.sec.gov/Archives/edgar/data/807882/000080788221000003/Financial_Report.xlsx,2020-12,0,,,57.84114053,"Q4,2020",,0,,,,,,,,,,,
881,881,881,807882,12/30/2020,338541,807882_0.csv,592025671,112847,1354164,0.00228734,,,,0.011220556,0.605962816,,"('Q4', '2020')",https://www.sec.gov/Archives/edgar/data/807882/000080788221000003/Financial_Report.xlsx,2020-12,0,,,75.76422424,"Q4,2020",,NaN,,1913574,2662697,1.391478459,749123,725145,749123,629194,-749123,-1.190607348,2.190607348
882,882,882,813672,ttm,2988244,813672_0.csv,75649582,996081.3333,11952976,0.158004521,-2.467651378,3.467651378,2.865594875,0.069534474,0.069513871,-0.064030326,"('-1', 'ttm')",,2021-ttm,560262,,,78.66737792,"-1,ttm",,0.016265769,,,,,,,,,,,
883,883,883,813672,12/30/2021,773036,813672_0.csv,21815798,257678.6667,3092144,0.141738753,-0.029486161,1.029486161,0.029486147,0.021250534,0.021250534,-4.806958514,"('Q4', '2021')",,2021-12,148068,0.236969464,0.003231131,73.3394732,"Q4,2021",0.273556627,-2.00E-09,-20.28513897,4386299,1645624,0.375173694,2740675,572000,2740675,3088263,2740675,0.887448705,0.112551295
884,884,884,813672,9/29/2021,750895,813672_0.csv,21190958,250298.3333,3003580,0.141738755,-0.031045523,1.031045523,0.031045538,0.020641885,0.020641884,-4.565513527,"('Q3', '2021')",https://www.sec.gov/Archives/edgar/data/813672/000081367221000037/Financial_Report.xlsx,2021-09,143401,0.224740038,0.0033197,67.69889225,"Q3,2021",0.281055133,2.14E-09,-20.31464246,4213875,1582613,0.37557189,2631262,596000,2631262,2978647,2631262,0.883374901,0.116625099
885,885,885,813672,6/29/2021,728285,813672_0.csv,20552883,242761.6667,2913140,0.141738753,0.010519995,0.989480005,-0.01051998,0.020020342,0.020020342,13.47327206,"('Q2', '2021')",https://www.sec.gov/Archives/edgar/data/813672/000081367221000028/Financial_Report.xlsx,2021-06,135967,-0.622231883,-0.007676273,81.0591133,"Q2,2021",-0.649894784,2.10E-09,-21.65313674,4122548,1605805,0.389517599,2516743,629000,2516743,2863929,2516743,0.878772833,0.121227167
886,886,886,813672,3/30/2021,736028,813672_0.csv,20771398,245342.6667,2944112,0.141738751,0.155875489,0.844124511,-0.031426131,0.020233195,0.020233195,0.909307493,"('Q1', '2021')",https://www.sec.gov/Archives/edgar/data/813672/000081367221000009/Financial_Report.xlsx,2021-03,132826,-0.034629486,-0.000845334,40.96545616,"Q1,2021",-0.071568333,0.018211617,-26.25818612,3998959,1456527,0.36422654,2542432,665000,2542432,2889420,2542432,0.879910847,0.120089153
887,887,887,813672,12/30/2020,759909,813672_0.csv,24607031,253303,3039636,0.123527133,,,,0.025186318,0.025186316,,"('Q4', '2020')",,2020-12,146502,,,81.87067192,"Q4,2020",,NaN,,3950785,1457767,0.368981607,2493018,643000,2493018,2839811,2493018,0.877881662,0.122118338
888,888,888,814547,ttm,1326483,814547_0.csv,33580887,442161,5305932,0.158004522,-2.691291223,3.691291223,3.114899135,0.030866387,0.030857242,-0.058709559,"('-1', 'ttm')",,2021-ttm,0,,,77.68541061,"-1,ttm",,0.016265761,,,,,,,,,,,
889,889,889,814547,12/30/2021,322361,814547_0.csv,9097328,107453.6667,1289444,0.141738761,0.036511784,0.963488216,-0.036511775,0.00886161,0.008861609,3.88200046,"('Q4', '2021')",,2021-12,0,0,0,82.08293764,"Q4,2021",0,1.34E-09,#NAME?,1463310,2001609,1.367863952,538299,-,538299,1029993,-538299,-0.52262394,1.52262394
890,890,890,814547,9/29/2021,334577,814547_0.csv,9442075,111525.6667,1338308,0.14173876,0.010665801,0.989334199,-0.010665791,0.009197424,0.009197424,13.28908681,"('Q3', '2021')",https://www.sec.gov/Archives/edgar/data/814547/000081454721000019/Financial_Report.xlsx,2021-09,0,0,0,86.40045206,"Q3,2021",0,1.42E-09,#NAME?,1567776,1678718,1.070763936,110942,25.448,110942,898076,-110942,-0.123532975,1.123532975
891,891,891,814547,6/29/2021,338184,814547_0.csv,9543868,112728,1352736,0.141738758,-0.02059079,1.02059079,0.020590836,0.00929658,0.009296579,-6.883599983,"('Q2', '2021')",https://www.sec.gov/Archives/edgar/data/814547/000081454721000012/Financial_Report.xlsx,2021-06,0,0,0,83.3979228,"Q2,2021",0,6.45E-09,#NAME?,1589155,1464317,0.921443786,124838,-,124838,931460,124838,0.134024005,0.865975995
892,892,892,814547,3/30/2021,331361,814547_0.csv,9351317,110453.6667,1325444,0.141738752,0.075632467,0.924367533,0.06064709,0.009109017,0.009109017,1.87404638,"('Q1', '2021')",https://www.sec.gov/Archives/edgar/data/814547/000081454721000007/Financial_Report.xlsx,2021-03,0,0,0,25.99973711,"Q1,2021",0,0.018211613,#NAME?,1579608,1356305,0.858633914,223303,-,223303,963529,223303,0.231755349,0.768244651
893,893,893,814547,12/30/2020,312414,814547_0.csv,10116449,104138,1249656,0.123527139,,,,0.010354606,0.010354605,,"('Q4', '2020')",https://www.sec.gov/Archives/edgar/data/814547/000081454721000003/Financial_Report.xlsx,2020-12,0,,,16.74122823,"Q4,2020",,NaN,,1576863,1252742,0.794452023,324121,-,324121,1063952,324121,0.304638743,0.695361257
894,894,894,814549,ttm,994938,814549_0.csv,18000,331646,3979752,221.0973333,0.067792221,0.932207779,2.728775574,0.023151553,1.65E-05,3261.396799,"('-1', 'ttm')",,2021-ttm,14434,,,28.00072252,"-1,ttm",,165.8221767,,,,,,,,,,,
895,895,895,814549,12/30/2021,266827,814549_0.csv,19309,88942.33333,1067308,55.27515666,-0.39163964,1.39163964,0.39163746,0.007334996,1.88E-05,-141.1377988,"('Q4', '2021')",,2021-12,3798,0.698932646,0.021085951,33.14684032,"Q4,2021",0.00457767,-8.66E-05,-201.933333,1573249,873695,0.555344386,699554,2215,655322,1279400,699554,0.546782867,0.453217133
896,896,896,814549,9/29/2021,191736,814549_0.csv,13875,63912,766944,55.27524324,0.221598878,0.778401122,-0.221604242,0.005270767,1.35E-05,249.4382812,"('Q3', '2021')",https://www.sec.gov/Archives/edgar/data/814549/000162828021022442/Financial_Report.xlsx,2021-09,3417,-0.865063291,-0.09180619,9.422712079,"Q3,2021",-0.0199307,-0.00038088,-288.3468571,1549832,858128,0.553690981,691704,2364,646083,1277273,691704,0.5415475,0.4584525
897,897,897,814549,6/29/2021,246322,814549_0.csv,17825,82107.33333,985288,55.27562412,0.150786089,0.849213911,-0.150768997,0.00677132,1.74E-05,366.5830491,"('Q2', '2021')",https://www.sec.gov/Archives/edgar/data/814549/000162828021016191/Financial_Report.xlsx,2021-06,3392,-1.071721959,-0.014535167,73.73303478,"Q2,2021",-0.003155496,0.001112451,-342.050516,1546224,864421,0.559052893,681803,1427,635754,1274208,681803,0.53507983,0.46492017
898,898,898,814549,3/30/2021,290053,814549_0.csv,20990,96684.33333,1160212,55.27451167,-0.305916755,1.305916755,0.305862702,0.007973472,2.04E-05,-180.6848131,"('Q1', '2021')",https://www.sec.gov/Archives/edgar/data/814549/000162828021007671/Financial_Report.xlsx,2021-03,3827,0.778320114,0.010598796,73.4347674,"Q1,2021",0.00230098,-0.00228793,-232.1471717,1566283,889774,0.56807997,676509,1666,629688,1295715,676509,0.522112502,0.477887498
899,899,899,814549,12/30/2020,222116,814549_0.csv,16073,74038.66667,888464,55.2767996,,,,0.007361782,1.65E-05,,"('Q4', '2020')",,2020-12,3198,,,75.20585544,"Q4,2020",,NaN,,1569853,909749,0.579512222,660104,2388,612979,1284521,660104,0.51389117,0.48610883
900,900,900,816761,ttm,1917000,816761_0.csv,1000000,639000,7668000,7.668,-0.008948363,1.008948363,3.035789474,0.04460733,0.000918893,-856.9165078,"('-1', 'ttm')",,2021-ttm,0,,,74.12587413,"-1,ttm",,5.75099811,,,,,,,,,,,
901,901,901,816761,12/30/2021,475000,816761_0.csv,991131,158333.3333,1900000,1.91700189,-0.032607756,1.032607756,0.032608696,0.013057612,0.00096545,-58.78975254,"('Q4', '2021')",,2021-12,0,0,0,72.00803213,"Q4,2021",0,1.74E-06,#NAME?,2169000,1709000,0.787920701,460000,1007,460000,784000,460000,0.586734694,0.413265306
902,902,902,816761,9/29/2021,460000,816761_0.csv,959833,153333.3333,1840000,1.917000145,0.063136092,0.936863908,-0.063136456,0.012645266,0.000934963,30.3629837,"('Q3', '2021')",https://www.sec.gov/Archives/edgar/data/816761/000081676121000036/Financial_Report.xlsx,2021-09,0,0,0,70.21500843,"Q3,2021",0,-7.44E-07,#NAME?,2134000,1677000,0.785848172,457000,1037,457000,806000,457000,0.566997519,0.433002481
903,903,903,816761,6/29/2021,491000,816761_0.csv,1024517,163666.6667,1964000,1.917000889,0,1,0,0.013497447,0.000997971,inf,"('Q2', '2021')",https://www.sec.gov/Archives/edgar/data/816761/000081676121000029/Financial_Report.xlsx,2021-06,0,,,85.24709302,"Q2,2021",,0,,2245000,1774000,0.790200445,471000,1125,471000,845000,471000,0.55739645,0.44260355
904,904,904,816761,3/30/2021,491000,816761_0.csv,1024517,163666.6667,1964000,1.917000889,0,1,0,0.013497447,0.000997971,inf,"('Q1', '2021')",https://www.sec.gov/Archives/edgar/data/816761/000081676121000021/Financial_Report.xlsx,2021-03,0,,,85.04273504,"Q1,2021",,0,,2203000,1786000,0.810712665,417000,1097,417000,816000,417000,0.511029412,0.488970588
905,905,905,816761,12/30/2020,491000,816761_0.csv,1024517,163666.6667,1964000,1.917000889,,,,0.016273636,0.001048636,,"('Q4', '2020')",https://www.sec.gov/Archives/edgar/data/816761/000081676121000009/Financial_Report.xlsx,2020-12,0,,,85.54913295,"Q4,2020",,NaN,,2193000,1793000,0.817601459,400000,9204,400000,811000,400000,0.493218249,0.506781751
906,906,906,823546,ttm,21.256,823546_0.csv,538,7.085333333,85.024,0.158037175,-1.037878788,2.037878788,1.265856518,4.95E-07,4.94E-07,-0.152269395,"('-1', 'ttm')",,2021-ttm,0,,,85.13119534,"-1,ttm",,0.015900811,,,,,,,,,,,
907,907,907,823546,12/30/2021,9.381,823546_0.csv,264,3.127,37.524,0.142136364,0,1,0.00064,2.58E-07,2.57E-07,inf,"('Q4', '2021')",,2021-12,0,,,85.26785714,"Q4,2021",,9.09E-05,,3579,180.04,0.050304554,3399,94942,3399,3399,3398.96,0.999988232,1.18E-05
908,908,908,823546,9/29/2021,9.375,823546_0.csv,264,3.125,37.5,0.142045455,-2.771428571,3.771428571,2.75,2.58E-07,2.57E-07,-0.051253515,"('Q3', '2021')",https://www.sec.gov/Archives/edgar/data/823546/000149315221029403/Financial_Report.xlsx,2021-09,0,0,0,86.38497653,"Q3,2021",0,-0.000811688,#NAME?,227.515,656.372,2.884961431,428.857,90755,428.857,428.857,-428.857,-1,2
909,909,909,823546,6/29/2021,2.5,823546_0.csv,70,0.833333333,10,0.142857143,#NAME?,inf,inf,6.87E-08,6.82E-08,0,"('Q2', '2021')",https://www.sec.gov/Archives/edgar/data/823546/000149315221017524/Financial_Report.xlsx,2021-06,0,0,0,79.33414314,"Q2,2021",0,,,586.491,266.66,0.454670234,319.831,7757,319.831,319.831,319.831,1,0
910,910,910,823546,3/30/2021,0,823546_0.csv,0,0,0,,,,,0,0,,"('Q1', '2021')",,2021-03,0,,,79.21921869,"Q1,2021",,,,815.331,190.305,0.233408272,625.026,1659,625.026,625.026,625.026,1,-2.22E-16
911,911,911,823546,12/30/2020,0,823546_0.csv,0,0,0,,,,,0,0,,"('Q4', '2020')",https://www.sec.gov/Archives/edgar/data/823546/000149315221003888/Financial_Report.xlsx,2020-12,0,,,79.24769325,"Q4,2020",,NaN,,603.256,87.553,0.145134072,515.703,1738,515.703,515.703,515.703,1,0
912,912,912,827876,ttm,88423,827876_0.csv,2238492,29474.33333,353692,0.158004585,-0.923289804,1.923289804,1.144003686,0.002057545,0.002056935,-0.171132167,"('-1', 'ttm')",,2021-ttm,0,,,78.17673091,"-1,ttm",,0.016265739,,,,,,,,,,,
913,913,913,827876,12/30/2021,41242,827876_0.csv,1163887,13747.33333,164968,0.141738846,-0.519321669,1.519321669,0.519322159,0.001133731,0.00113373,-0.272930737,"('Q4', '2021')",,2021-12,0,0,0,80.62994684,"Q4,2021",0,4.57E-08,#NAME?,418145,24069,0.057561372,394075,1815,394074,394075,394076,1.000002538,-2.54E-06
914,914,914,827876,9/29/2021,27145,827876_0.csv,766057,9048.333333,108580,0.1417388,-1.278033187,2.278033187,1.27802954,0.000746208,0.000746208,-0.110903849,"('Q3', '2021')",https://www.sec.gov/Archives/edgar/data/827876/000166357721000668/Financial_Report.xlsx,2021-09,0,0,0,79.76226547,"Q3,2021",0,-2.27E-07,#NAME?,317473,11757,0.037033071,305716,1890,305715,305716,305716,1,0
915,915,915,827876,6/29/2021,11916,827876_0.csv,336280,3972,47664,0.141739027,-0.467491152,1.467491152,0.467487685,0.000327567,0.000327567,-0.303190823,"('Q2', '2021')",https://www.sec.gov/Archives/edgar/data/827876/000166357721000429/Financial_Report.xlsx,2021-06,0,0,0,44.56759366,"Q2,2021",0,-3.35E-07,#NAME?,297489,15693,0.05275153,281796,1971,281794,281796,281796,1,0
916,916,916,827876,3/30/2021,8120,827876_0.csv,229153,2706.666667,32480,0.141739362,-2.134059111,3.134059111,2.596102746,0.000223216,0.000223215,-0.06641773,"('Q1', '2021')",https://www.sec.gov/Archives/edgar/data/827876/000166357721000230/Financial_Report.xlsx,2021-03,0,0,0,43.17047911,"Q1,2021",0,0.018211318,#NAME?,292613,8892,0.03038826,283720,3944000,283719,283720,283721,1.000003525,-3.52E-06
917,917,917,827876,12/30/2020,2258,827876_0.csv,73117,752.6666667,9032,0.123528044,,,,7.48E-05,7.48E-05,,"('Q4', '2020')",,2020-12,0,,,42.6674321,"Q4,2020",,NaN,,78173,6138,0.078518158,72035,3960000,72033,72566,72035,0.992682523,0.007317477
918,918,918,829323,ttm,52997,829323_0.csv,1341657,17665.66667,211988,0.158004617,-1.822948315,2.822948315,2.146903391,0.001233205,0.001232839,-0.086675313,"('-1', 'ttm')",,2021-ttm,33943,,,45.05623956,"-1,ttm",,0.01626564,,,,,,,,,,,
919,919,919,829323,9/29/2021,16841,829323_0.csv,475268,5613.666667,67364,0.141738977,-0.332779957,1.332779957,0.332779361,0.000462954,0.000462953,-0.425924019,"('Q3', '2021')",https://www.sec.gov/Archives/edgar/data/829323/000082932321000039/Financial_Report.xlsx,2021-09,10163,0.085641574,0.001750769,48.91656095,"Q3,2021",0.148224734,-6.35E-08,-4.973332418,45038,11669,0.259092322,33369,3944000,33369,33369,33369,1,0
920,920,920,829323,6/29/2021,12636,829323_0.csv,356599,4212,50544,0.14173904,-0.190055699,1.190055699,0.190054624,0.00034736,0.000347359,-0.745776324,"('Q2', '2021')",https://www.sec.gov/Archives/edgar/data/829323/000082932321000033/Financial_Report.xlsx,2021-06,8213,0.144214223,0.002946133,48.95035035,"Q2,2021",0.249427336,-1.28E-07,-5.171309103,44365,9675,0.218077313,34690,3693000,34690,34690,34690,1,0
921,921,921,829323,3/30/2021,10618,829323_0.csv,299649,3539.333333,42472,0.141739168,0.282769169,0.717230831,-0.177026818,0.000291886,0.000291885,0.501253969,"('Q1', '2021')",https://www.sec.gov/Archives/edgar/data/829323/000082932321000020/Financial_Report.xlsx,2021-03,7306,-0.061843453,-0.001516289,40.78604621,"Q1,2021",-0.128372941,0.018211812,-8.105206694,44550,8035,0.180359147,36515,3702000,36515,36515,36515,1,0
922,922,922,829323,12/30/2020,12902,829323_0.csv,417786,4300.666667,51608,0.123527356,,,,0.000427622,0.000427621,,"('Q4', '2020')",https://www.sec.gov/Archives/edgar/data/829323/000082932321000010/Financial_Report.xlsx,2020-12,8261,,,40.2663673,"Q4,2020",,NaN,,35182,9892,0.281166506,25289,1646046,25289,25439,25290,0.994142852,0.005857148
923,923,923,837852,ttm,98901,837852_0.csv,56,32967,395604,7064.357143,0.081967213,0.918032787,2.656634747,0.002301361,5.15E-08,86185.15714,"('-1', 'ttm')",,2021-ttm,0,,,40.43203259,"-1,ttm",,5290.783372,,,,,,,,,,,
924,924,924,837852,9/29/2021,27047,837852_0.csv,61,9015.666667,108188,1773.57377,0.186666667,0.813333333,-0.185748261,0.000743514,5.94E-08,9501.288056,"('Q3', '2021')",https://www.sec.gov/Archives/edgar/data/837852/000162828021023993/Financial_Report.xlsx,2021-09,0,0,0,39.3059607,"Q3,2021",0,2.000437158,#NAME?,595879,62013,0.104069786,533866,1648270,527626,528888,533866,1.009412201,-0.009412201
925,925,925,837852,6/29/2021,33217,837852_0.csv,75,11072.33333,132868,1771.573333,-0.013513514,1.013513514,0.015530894,0.000913126,7.31E-08,-131096.4267,"('Q2', '2021')",https://www.sec.gov/Archives/edgar/data/837852/000162828021017110/Financial_Report.xlsx,2021-06,0,0,0,42.97051019,"Q2,2021",0,3.519279279,#NAME?,698051,153109,0.219337842,544942,1682060,538236,539498,544942,1.010090862,-0.010090862
926,926,926,837852,3/30/2021,32709,837852_0.csv,74,10903,130836,1768.054054,-1.96,2.96,1.955009486,0.000899161,7.21E-08,-902.0683949,"('Q1', '2021')",https://www.sec.gov/Archives/edgar/data/837852/000110465921068054/Financial_Report.xlsx,2021-03,0,0,0,40.8851628,"Q1,2021",0,-2.985945946,#NAME?,569898,147965,0.25963418,421933,1714773,414901,416163,421933,1.01386476,-0.01386476
927,927,927,837852,12/30/2020,11069,837852_0.csv,25,3689.666667,44276,1771.04,,,,0.000366869,2.56E-08,,"('Q4', '2020')",https://www.sec.gov/Archives/edgar/data/837852/000110465921044740/Financial_Report.xlsx,2020-12,0,,,44.08428665,"Q4,2020",,NaN,,234412,40128,0.171185775,194284,1194303,186584,187846,194284,1.034272755,-0.034272755
928,928,928,843006,ttm,21883,843006_0.csv,553984,7294.333333,87532,0.158004563,-2.433068719,3.433068719,2.827037426,0.000509203,0.000509052,-0.064940444,"('-1', 'ttm')",,2021-ttm,5079,,,85.23488038,"-1,ttm",,0.016265546,,,,,,,,,,,
929,929,929,843006,12/30/2021,5718,843006_0.csv,161367,1906,22872,0.141739017,-0.046295396,1.046295396,0.046294602,0.000157186,0.000157186,-3.061622327,"('Q4', '2021')",,2021-12,1446,0.202521008,0.002383817,84.9566111,"Q4,2021",0.201820245,-1.08E-07,-15.11755423,39257,7637,0.194538554,31620,1388172,31620,31620,31620,1,0
930,930,930,843006,9/29/2021,5465,843006_0.csv,154227,1821.666667,21860,0.141739125,0.04457853,0.95542147,-0.04458042,0.000150231,0.000150231,3.179537902,"('Q3', '2021')",https://www.sec.gov/Archives/edgar/data/843006/000165495421011699/Financial_Report.xlsx,2021-09,1349,-0.187465258,-0.002170065,86.38691603,"Q3,2021",-0.183723337,-2.80E-07,-16.96067809,37954,7078,0.186488908,30876,1475343,30876,30876,30876,1,0
931,931,931,843006,6/29/2021,5720,843006_0.csv,161423,1906.666667,22880,0.141739405,-0.148591148,1.148591148,0.148594378,0.000157241,0.00015724,-0.953888618,"('Q2', '2021')",https://www.sec.gov/Archives/edgar/data/843006/000165495421008567/Financial_Report.xlsx,2021-06,1210,0.057941867,0.000687858,84.23519039,"Q2,2021",0.058235735,3.98E-07,-16.4628562,37254,7564,0.2030386,29690,1581249,29690,29690,29690,1,0
932,932,932,843006,3/30/2021,4980,843006_0.csv,140540,1660,19920,0.141739007,0.085133253,0.914866747,0.049747049,0.000136899,0.000136898,1.664907687,"('Q1', '2021')",https://www.sec.gov/Archives/edgar/data/843006/000165495421005233/Financial_Report.xlsx,2021-03,1074,-0.082122649,-0.000964269,85.16573219,"Q1,2021",-0.081637543,0.018211816,-20.27342898,36080,7580,0.210088692,28500,614032,28500,28500,28500,1,0
933,933,933,843006,12/30/2020,4744,843006_0.csv,153618,1581.333333,18976,0.123527191,,,,0.000157234,0.000157234,,"('Q4', '2020')",https://www.sec.gov/Archives/edgar/data/843006/000165495421002389/Financial_Report.xlsx,2020-12,993,,,80.57059465,"Q4,2020",,NaN,,34889,6747,0.193384734,28142,22183,28142,28142,28142,1,0
934,934,934,849399,ttm,2752000,849399_0.csv,50000000,917333.3333,11008000,0.22016,0.019943003,0.980056997,2.92022792,0.064037231,0.04594465,11.03946058,"('-1', 'ttm')",,2021-ttm,614000,,,79.61057674,"-1,ttm",,0.165119999,,,,,,,,,,,
935,935,935,849399,12/30/2021,702000,849399_0.csv,51017441,234000,2808000,0.055040001,-0.014450864,1.014450864,0.014450867,0.019297775,0.04969554,-3.808768988,"('Q4', '2021')",,2021-12,160000,0.220160056,0.002713354,81.13945109,"Q4,2021",0.591574269,1.90E-10,-17.30000006,6873000,6971000,1.014258693,98000,3349600,98000,2659000,-98000,-0.036855961,1.036855961
936,936,936,849399,9/29/2021,692000,849399_0.csv,50290697,230666.6667,2768000,0.055040001,-0.008746345,1.008746345,0.008746356,0.019022878,0.048987626,-6.292914114,"('Q3', '2021')",https://www.sec.gov/Archives/edgar/data/849399/000084939921000022/Financial_Report.xlsx,2021-09,150000,0.344000404,0.00429263,80.13744427,"Q3,2021",0.935893173,5.58E-10,-18.29333352,6733000,6965000,1.034457151,232000,3377000,232000,2547000,-232000,-0.091087554,1.091087554
937,937,937,849399,6/29/2021,686000,849399_0.csv,49854651,228666.6667,2744000,0.05504,-0.020833336,1.020833336,0.020833333,0.01885794,0.048562878,-2.64191963,"('Q2', '2021')",https://www.sec.gov/Archives/edgar/data/849399/000084939921000014/Financial_Report.xlsx,2021-06,156000,0.153325693,0.001881155,81.50615005,"Q2,2021",0.410135514,-1.61E-10,-17.23076918,6565000,7062000,1.075704494,497000,3351700,497000,2925000,-497000,-0.16991453,1.16991453
938,938,938,849399,3/30/2021,672000,849399_0.csv,48837209,224000,2688000,0.05504,-0.051643197,1.051643197,0.051643192,0.018473084,0.047571799,-1.065774458,"('Q1', '2021')",,2021-03,148000,0.06171151,0.000738896,83.51855603,"Q1,2021",0.161096467,-2.38E-10,-17.2702702,6361000,6861000,1.078603993,500000,2355200,500000,2788000,-500000,-0.179340029,1.179340029
939,939,939,849399,12/30/2020,639000,849399_0.csv,46438953,213000,2556000,0.055040001,,,,0.021178927,0.047532193,,"('Q4', '2020')",https://www.sec.gov/Archives/edgar/data/849399/000084939921000010/Financial_Report.xlsx,2020-12,140000,,,79.77938899,"Q4,2020",,NaN,,6357000,6849000,1.077394998,492000,2351500,492000,3050000,-492000,-0.161311475,1.161311475
940,940,940,857005,ttm,1835830,857005_0.csv,46475379,611943.3333,7343320,0.158004521,-2.597913545,3.597913545,3.010805709,0.042718557,0.0427059,-0.060819776,"('-1', 'ttm')",,2021-ttm,518530,,,79.76910148,"-1,ttm",,0.016265766,,,,,,,,,,,
941,941,941,857005,12/30/2021,457721,857005_0.csv,12917314,152573.6667,1830884,0.141738755,0.047714064,0.952285936,-0.047714057,0.012582617,0.012582616,2.970586486,"('Q4', '2021')",,2021-12,125476,-0.193869463,-0.002434571,79.63188736,"Q4,2021",-0.206117579,1.11E-09,-15.32261162,4420620,2466808,0.558023083,1953812,591350,1953812,3393826,1953812,0.575695984,0.424304016
942,942,942,857005,9/29/2021,480655,857005_0.csv,13564533,160218.3333,1922620,0.141738754,-0.103259808,1.103259808,0.103259822,0.013213066,0.013213065,-1.372642043,"('Q3', '2021')",https://www.sec.gov/Archives/edgar/data/857005/000156459021057806/Financial_Report.xlsx,2021-09,129464,0.101974283,0.001265164,80.60162894,"Q3,2021",0.107112333,1.79E-09,-13.46066877,4507560,2469092,0.547766863,2038468,593823,2038468,3477939,2038468,0.586113788,0.413886212
943,943,943,857005,6/29/2021,435668,857005_0.csv,12294958,145222.6667,1742672,0.141738752,0.056556612,0.943443388,-0.056556623,0.011976386,0.011976386,2.506139345,"('Q2', '2021')",https://www.sec.gov/Archives/edgar/data/857005/000156459021040209/Financial_Report.xlsx,2021-06,134412,-0.182365822,-0.002305232,79.10951917,"Q2,2021",-0.195167432,-1.53E-09,-13.74237404,4206219,2481261,0.589902951,1724958,598687,1724958,3203885,1724958,0.538395729,0.461604271
944,944,944,857005,3/30/2021,461785,857005_0.csv,13032004,153928.3333,1847140,0.141738753,0.061993893,0.938006107,0.076296469,0.012694335,0.012694335,2.286334132,"('Q1', '2021')",https://www.sec.gov/Archives/edgar/data/857005/000156459021023320/Financial_Report.xlsx,2021-03,129178,-0.149980262,-0.001909023,78.56389793,"Q1,2021",-0.161623208,0.018211621,-15.24423345,4181221,2530688,0.605250954,1650533,398378,1650533,3158922,1650533,0.522498814,0.477501186
945,945,945,857005,12/30/2020,429050,857005_0.csv,13893304,143016.6667,1716200,0.123527132,,,,0.014220374,0.014220373,,"('Q4', '2020')",https://www.sec.gov/Archives/edgar/data/857005/000156459021004303/Financial_Report.xlsx,2020-12,124725,,,61.21687,"Q4,2020",,NaN,,3448888,1953959,0.566547536,1494929,3492341,1494929,2482786,1494929,0.602117541,0.397882459
946,946,946,860731,ttm,1592287,860731_0.csv,500,530762.3333,6369148,12738.296,0.080882353,0.919117647,2.672782254,0.037051472,4.59E-07,157491.6596,"('-1', 'ttm')",,2021-ttm,0,,,62.80017051,"-1,ttm",,9550.523941,,,,,,,,,,,
947,947,947,860731,12/30/2021,433537,860731_0.csv,544,144512.3333,1734148,3187.772059,0.057192374,0.942807626,-0.057267985,0.011917806,5.30E-07,55737.71145,"('Q4', '2021')",,2021-12,0,0,0,60.44157722,"Q4,2021",0,-0.255670813,#NAME?,4732161,2408129,0.508885687,2324032,3509609,2324032,3635308,2324032,0.639294387,0.360705613
948,948,948,860731,9/29/2021,459873,860731_0.csv,577,153291,1839492,3188.02773,-0.138067061,1.138067061,0.138088226,0.012641775,5.62E-07,-23090.42941,"('Q3', '2021')",https://www.sec.gov/Archives/edgar/data/860731/000086073121000039/Financial_Report.xlsx,2021-09,0,0,0,57.92753961,"Q3,2021",0,0.059287821,#NAME?,4682938,2482165,0.530044387,2200773,3667070,2200773,3598643,2200773,0.611556356,0.388443644
949,949,949,860731,6/29/2021,404075,860731_0.csv,507,134691.6667,1616300,3187.968442,-0.37027027,1.37027027,0.370665735,0.011107904,4.94E-07,-8609.841777,"('Q2', '2021')",https://www.sec.gov/Archives/edgar/data/860731/000086073121000034/Financial_Report.xlsx,2021-06,0,0,0,63.08453692,"Q2,2021",0,0.919793166,#NAME?,4641003,2533012,0.545789779,2107991,3668700,2107991,3627456,2107991,0.581121039,0.418878961
950,950,950,860731,3/30/2021,294802,860731_0.csv,370,98267.33333,1179208,3187.048649,-0.042253521,1.042253521,0.040655171,0.008104021,3.60E-07,-75426.81802,"('Q1', '2021')",https://www.sec.gov/Archives/edgar/data/860731/000086073121000025/Financial_Report.xlsx,2021-03,0,0,0,59.78942243,"Q1,2021",0,-4.895013323,#NAME?,3231790,1170797,0.362275086,2060993,1928389,2060993,2652476,2060993,0.777007219,0.222992781
951,951,951,860731,12/30/2020,283285,860731_0.csv,355,94428.33333,1133140,3191.943662,,,,0.009389159,3.63E-07,,"('Q4', '2020')",https://www.sec.gov/Archives/edgar/data/860731/000086073121000014/Financial_Report.xlsx,2020-12,0,,,74.66490617,"Q4,2020",,NaN,,2607274,621163,0.238242317,1986111,580605,1986111,1986111,1986111,1,0
952,952,952,8670,ttm,15279000,8670_0.csv,386799058,5093000,61116000,0.158004521,-2.496990298,3.496990298,2.89830076,0.355532286,0.355426943,-0.063277988,"('-1', 'ttm')",,2021-ttm,0,,,75.9688716,"-1,ttm",,0.016265771,,,,,,,,,,,
953,953,953,8670,12/30/2021,3919400,8670_0.csv,110609131,1306466.667,15677600,0.14173875,-0.050439538,1.050439538,0.050439537,0.107743164,0.107743163,-2.810072335,"('Q4', '2021')",,2021-12,0,0,0,73.59809102,"Q4,2021",0,-1.50E-10,#NAME?,59102600,54053000,0.914562134,5049600,666767,5049600,8035700,5049600,0.628395784,0.371604216
954,954,954,8670,9/29/2021,3731200,8670_0.csv,105297951,1243733.333,14924800,0.14173875,-0.026803896,1.026803896,0.026803897,0.102569601,0.1025696,-5.287990516,"('Q3', '2021')",https://www.sec.gov/Archives/edgar/data/8670/000000867021000035/Financial_Report.xlsx,2021-09,0,0,0,73.07560137,"Q3,2021",0,3.50E-11,#NAME?,59987200,54636500,0.910802638,5350700,674085,5350700,8336200,5350700,0.641863199,0.358136801
955,955,955,8670,6/29/2021,3633800,8670_0.csv,102549232,1211266.667,14535200,0.14173875,0.090321941,0.909678059,-0.090321935,0.099892103,0.099892102,1.569261561,"('Q2', '2021')",,2021-06,0,0,0,75.70120622,"Q2,2021",0,1.02E-09,#NAME?,48772500,43102400,0.883743913,5670100,692128,5670100,8655100,5670100,0.655116636,0.344883364
956,956,956,8670,3/30/2021,3994600,8670_0.csv,112731346,1331533.333,15978400,0.141738749,0.030347048,0.969652952,0.112608974,0.10981039,0.10981039,4.670594246,"('Q1', '2021')",https://www.sec.gov/Archives/edgar/data/8670/000000867021000027/Financial_Report.xlsx,2021-03,0,0,0,82.10968985,"Q1,2021",0,0.018211616,#NAME?,54407700,48733800,0.895715129,5673900,655728,5673900,7668200,5673900,0.739925928,0.260074072
957,957,957,8670,12/30/2020,3590300,8670_0.csv,116259478,1196766.667,14361200,0.123527133,,,,0.118996404,0.118996395,,"('Q4', '2020')",https://www.sec.gov/Archives/edgar/data/8670/000000867021000007/Financial_Report.xlsx,2020-12,0,,,78.86270108,"Q4,2020",,NaN,,49325900,43425900,0.880387383,5900000,41324,5900000,7894100,5900000,0.747393623,0.252606377
958,958,958,869531,ttm,123.341,869531_0.csv,3122,41.11366667,493.364,0.158028187,,,,2.87E-06,2.87E-06,,"('-1', 'ttm')",,ttm'-ttm,0,,,79.22272048,"-1,ttm",,NaN,,,,,,,,,,,
959,959,959,876167,ttm,531313,876167_0.csv,13450577,177104.3333,2125252,0.158004523,-2.401297444,3.401297444,2.791626227,0.012363304,0.012359641,-0.065799646,"('-1', 'ttm')",,2021-ttm,125890,,,81.84303007,"-1,ttm",,0.016265768,,,,,,,,,,,
960,960,960,876167,11/29/2021,140128,876167_0.csv,3954543,46709.33333,560512,0.141738755,0.049444684,0.950555316,-0.049444772,0.003852078,0.003852078,2.866612601,"('Q4', '2021')",,2021-12,37422,-0.181923365,-0.002121761,85.74167266,"Q4,2021",-0.179634257,-1.31E-08,-15.75725363,1363537,951048,0.697486023,412489,41475,412489,947016,412489,0.435567087,0.564432913
961,961,961,876167,8/30/2021,147417,876167_0.csv,4160245,49139,589668,0.141738768,-0.20352212,1.20352212,0.203521978,0.00405245,0.00405245,-0.696429301,"('Q3', '2021')",https://www.sec.gov/Archives/edgar/data/876167/000087616721000152/Financial_Report.xlsx,2021-09,29737,0.042268877,0.000550999,76.71319797,"Q3,2021",0.046649094,-1.68E-08,-16.47617252,1275487,878714,0.688924309,396773,19419,396773,935431,396773,0.424160628,0.575839372
962,962,962,876167,5/30/2021,122488,876167_0.csv,3456725,40829.33333,489952,0.141738785,-0.009960457,1.009960457,0.009960422,0.003367159,0.003367159,-14.23014822,"('Q2', '2021')",https://www.sec.gov/Archives/edgar/data/876167/000087616721000121/Financial_Report.xlsx,2021-06,29262,0.858349711,0.009953712,86.23413258,"Q2,2021",0.842708953,-4.94E-09,-16.57849713,1239994,874273,0.705062283,365721,29645,365721,908501,365721,0.402554317,0.597445683
963,963,963,876167,2/27/2021,121280,876167_0.csv,3422634,40426.66667,485120,0.141738789,,,,0.003333952,0.003333951,,"('Q1', '2021')",https://www.sec.gov/Archives/edgar/data/876167/000087616721000073/Financial_Report.xlsx,2021-03,29469,,,88.97,"Q1,2021",,NaN,,1027057,674504,0.656734728,352553,31734,352553,696311,352553,0.506315425,0.493684575
964,964,964,877890,ttm,3217170,877890_0.csv,400000,1072390,12868680,32.1717,0.054715434,0.945284566,2.781133645,0.074861431,0.000367557,587.9821781,"('-1', 'ttm')",,2021-ttm,1194657,,,86.52802315,"-1,ttm",,24.12876518,,,,,,,,,,,
965,965,965,877890,12/30/2021,850848,877890_0.csv,423153,283616,3403392,8.042934825,-0.093009079,1.093009079,0.093009782,0.023389564,0.000412189,-86.47472792,"('Q4', '2021')",,2021-12,304213,8.44848367,0.097697225,86.47618902,"Q4,2021",0.145763546,5.17E-06,-10.23553235,6975517,6428260,0.92154603,547257,1013,547257,3873584,547257,0.141279239,0.858720761
966,966,966,877890,9/29/2021,778445,877890_0.csv,387145,259481.6667,3113780,8.042929652,0.041454562,0.958545438,-0.041454924,0.021399226,0.000377114,194.017964,"('Q3', '2021')",https://www.sec.gov/Archives/edgar/data/877890/000087789021000351/Financial_Report.xlsx,2021-09,290240,-17.33500567,-0.20874032,83.04579415,"Q3,2021",-0.311439233,-3.04E-06,-11.19226423,6536244,6136505,0.938842705,399739,1314,399739,3724858,399739,0.107316574,0.892683426
967,967,967,877890,6/29/2021,812111,877890_0.csv,403888,270703.6667,3248444,8.042932694,-0.046851835,1.046851835,0.046850468,0.022324695,0.000393423,-171.6674015,"('Q2', '2021')",https://www.sec.gov/Archives/edgar/data/877890/000087789021000271/Financial_Report.xlsx,2021-06,306920,16.97942023,0.19474613,87.18745893,"Q2,2021",0.29055988,-1.05E-05,-10.11032174,6714453,6421606,0.956385576,292847,1578,292847,3766776,292847,0.077744734,0.922255266
968,968,968,877890,3/30/2021,775766,877890_0.csv,385812,258588.6667,3103064,8.042943195,0.041858409,0.958141591,-0.041857283,0.021325581,0.000375815,192.146414,"('Q1', '2021')",https://www.sec.gov/Archives/edgar/data/877890/000087789021000189/Financial_Report.xlsx,2021-03,293284,-17.40041531,-0.191220693,90.99650781,"Q1,2021",-0.28529958,9.46E-06,-11.04263379,6613380,6363688,0.96224442,249692,3570,249692,3722471,249692,0.06707695,0.93292305
969,969,969,877890,12/30/2020,809656,877890_0.csv,402667,269885.3333,3238624,8.042933739,,,,0.026835126,0.000412146,,"('Q4', '2020')",https://www.sec.gov/Archives/edgar/data/877890/000087789021000051/Financial_Report.xlsx,2020-12,308098,,,91.30698662,"Q4,2020",,NaN,,4890347,4778204,0.977068498,112143,7237000,112143,1844765,112143,0.060789857,0.939210143
970,970,970,883241,ttm,4504127,883241_0.csv,114025268,1501375.667,18016508,0.158004522,-2.545844734,3.545844734,2.545844732,0.104808074,0.10477702,-0.062063692,"('-1', 'ttm')",,2021-ttm,722373,,,89.05822673,"-1,ttm",,-7.99E-11,,,,,,,,,,,
971,971,971,883241,1/30/2022,1270255,883241_0.csv,32157434,423418.3333,5081020,0.158004522,0.011220195,0.988779805,0.102251004,0.029557999,0.029549241,14.08215506,"('Q4', '2021')",,2021-12,180510,-0.494673985,-0.005332333,92.76877769,"Q4,2021",-0.404975701,0.016265771,-28.46754726,8901346,3511113,0.394447424,5390233,2507000,5386773,5411143,5390233,0.996135752,0.003864248
972,972,972,883241,10/30/2021,1152419,883241_0.csv,32522341,384139.6667,4609676,0.141738751,-0.090139353,1.090139353,0.09013934,0.031679662,0.031679662,-1.572440291,"('Q3', '2021')",https://www.sec.gov/Archives/edgar/data/883241/000088324121000022/Financial_Report.xlsx,2021-09,197681,0.073510726,0.000815574,90.13372172,"Q3,2021",0.069048786,-1.81E-09,-21.39062401,8752260,3453317,0.39456289,5298943,2480000,5295137,5320231,5298943,0.99599867,0.00400133
973,973,973,883241,7/30/2021,1057130,883241_0.csv,29833196,352376.6667,4228520,0.141738753,-0.032027977,1.032027977,0.032027983,0.029060196,0.029060195,-4.425466953,"('Q2', '2021')",https://www.sec.gov/Archives/edgar/data/883241/000088324121000017/Financial_Report.xlsx,2021-06,171428,0.185158623,0.001972393,93.87509734,"Q2,2021",0.166988352,8.97E-10,-23.90094982,8485906,3330770,0.392506115,5155136,2472000,5151020,5175774,5155136,0.996012577,0.003987423
974,974,974,883241,4/29/2021,1024323,883241_0.csv,28907352,341441,4097292,0.141738752,-0.055653752,1.055653752,0.055653748,0.028158341,0.02815834,-2.546795993,"('Q1', '2021')",https://www.sec.gov/Archives/edgar/data/883241/000088324121000012/Financial_Report.xlsx,2021-03,172754,0.11335661,0.002123283,53.38742651,"Q1,2021",0.179763081,-5.71E-10,-22.467115,8339565,3247060,0.38935604,5092505,2821000,5088135,5113755,5092505,0.995844541,0.004155459
975,975,975,883241,1/30/2021,970321,883241_0.csv,27383365,323440.3333,3881284,0.141738753,,,,0.026673841,0.026673841,,"('Q4', '2020')",https://www.sec.gov/Archives/edgar/data/883241/000088324121000009/Financial_Report.xlsx,2020-12,170628,,,65.28493303,"Q4,2020",,NaN,,8012838,3125940,0.390116461,4886898,2267,4882252,4907910,4886898,0.995718748,0.004281252
976,976,976,884144,ttm,76064,884144_0.csv,1925615,25354.66667,304256,0.158004586,-2.231830327,3.231830327,2.602709231,0.001769959,0.001769434,-0.070795967,"('-1', 'ttm')",,2021-ttm,15448,,,49.91953653,"-1,ttm",,0.016265694,,,,,,,,,,,
977,977,977,884144,12/30/2021,21113,884144_0.csv,595828,7037.666667,84452,0.141738891,-0.17418414,1.17418414,0.174183861,0.00058039,0.00058039,-0.813730177,"('Q4', '2021')",,2021-12,4318,0.048852785,0.001030189,47.42118017,"Q4,2021",0.087218615,-3.37E-08,-16.65678159,433245,275005,0.634756316,158240,2291,158240,191360,158240,0.826923077,0.173076923
978,978,978,884144,9/29/2021,17981,884144_0.csv,507440,5993.666667,71924,0.141738925,-0.047354266,1.047354266,0.047355545,0.000494292,0.000494292,-2.993160609,"('Q3', '2021')",https://www.sec.gov/Archives/edgar/data/884144/000088414421000023/Financial_Report.xlsx,2021-09,3897,0.169855729,0.003853627,44.07684809,"Q3,2021",0.32625846,1.73E-07,-17.62178184,392076,230137,0.586970383,161939,2343,161939,194739,161939,0.831569434,0.168430566
979,979,979,884144,6/29/2021,17168,884144_0.csv,484497,5722.666667,68672,0.141738752,0.133015407,0.866984593,-0.133016867,0.000471943,0.000471943,1.06558146,"('Q2', '2021')",https://www.sec.gov/Archives/edgar/data/884144/000088414421000007/Financial_Report.xlsx,2021-06,3622,-0.048726676,-0.000797952,61.06463348,"Q2,2021",-0.067556894,-2.39E-07,-21.86854407,385622,236203,0.6125247,149419,3633,149419,159507,149419,0.936755127,0.063244873
980,980,980,884144,3/30/2021,19802,884144_0.csv,558830,6600.666667,79208,0.14173899,-0.0503119,1.0503119,0.205160976,0.000544351,0.00054435,-2.817206058,"('Q1', '2021')",https://www.sec.gov/Archives/edgar/data/884144/000162828021009694/Financial_Report.xlsx,2021-03,3611,0.134894841,0.001624357,83.04508956,"Q1,2021",0.137522353,0.018211801,-20.88446108,441103,296452,0.672069789,144651,4740,144651,155334,144651,0.931225617,0.068774383
981,981,981,884144,12/30/2020,16431,884144_0.csv,532061,5477,65724,0.12352719,,,,0.000544587,0.000544586,,"('Q4', '2020')",https://www.sec.gov/Archives/edgar/data/884144/000162828021004536/Financial_Report.xlsx,2020-12,-,,,79.94858612,"Q4,2020",,NaN,,515423,369770,0.717410748,145653,319169,145653,157878,145653,0.922566792,0.077433208
982,982,982,892482,ttm,24993,892482_0.csv,632716,8331,99972,0.158004539,-2.489518473,3.489518473,2.889961089,0.000581571,0.000581398,-0.063467912,"('-1', 'ttm')",,2021-ttm,16751,,,85.66878981,"-1,ttm",,0.016265394,,,,,,,,,,,
983,983,983,892482,9/29/2021,6425,892482_0.csv,181319,2141.666667,25700,0.141739145,-0.095106661,1.095106661,0.095108232,0.000176621,0.000176621,-1.490317755,"('Q3', '2021')",https://www.sec.gov/Archives/edgar/data/892482/000089248221000054/Financial_Report.xlsx,2021-09,4490,0.285133676,0.003403957,83.76534789,"Q3,2021",0.288187776,2.03E-07,-5.22673356,35795,19986,0.558346138,15809,325120,15809,15809,15809,1,0
984,984,984,892482,6/29/2021,5867,892482_0.csv,165572,1955.666667,23468,0.141738941,-0.008079394,1.008079394,0.008075601,0.000161282,0.000161282,-17.54326483,"('Q2', '2021')",https://www.sec.gov/Archives/edgar/data/892482/000089248221000050/Financial_Report.xlsx,2021-06,5173,3.898266767,0.047357615,82.31552163,"Q2,2021",4.009423045,-5.33E-07,-4.500273038,38622,19364,0.501372275,19258,329612,19258,19258,19258,1,0
985,985,985,892482,3/30/2021,5820,892482_0.csv,164245,1940,23280,0.141739475,0.262870427,0.737129573,-0.154192705,0.00015999,0.000159989,0.539199012,"('Q1', '2021')",https://www.sec.gov/Archives/edgar/data/892482/000089248221000021/Financial_Report.xlsx,2021-03,4476,-0.076418767,-0.003275827,23.32808302,"Q1,2021",-0.27733929,0.018212096,-7.05584551,46144,23357,0.506176318,22787,333068,22787,22787,22787,1,0
986,986,986,892482,12/30/2020,6881,892482_0.csv,222817,2293.666667,27524,0.123527379,,,,0.000228063,0.000228062,,"('Q4', '2020')",https://www.sec.gov/Archives/edgar/data/892482/000089248221000008/Financial_Report.xlsx,2020-12,2612,,,21.67370285,"Q4,2020",,NaN,,31426,28541,0.908197034,2885,338741,2885,2885,2885,1,0
987,987,987,896878,ttm,11414000,896878_0.csv,100000000,3804666.667,45656000,0.45656,-0.067527133,1.067527133,3.270108492,0.265596277,0.091889299,-6.761134037,"('-1', 'ttm')",,2021-ttm,3194000,,,19.88611152,"-1,ttm",,0.342419999,,,,,,,,,,,
988,988,988,896878,1/30/2022,2673000,896878_0.csv,93674434,891000,10692000,0.114140001,-0.331838566,1.331838566,0.331838565,0.062198953,0.086076781,-0.343962435,"('Q4', '2021')",,2021-12,942000,0.040360316,0.00180629,22.34432234,"Q4,2021",0.189902525,-5.46E-11,-8.52229299,26303000,10708000,0.407101851,15595000,1120606,15595000,22327000,15595000,0.698481659,0.301518341
989,989,989,896878,10/30/2021,2007000,896878_0.csv,70334676,669000,8028000,0.114140001,0.216321753,0.783678247,-0.216321749,0.055171845,0.06851225,0.527639961,"('Q3', '2021')",https://www.sec.gov/Archives/edgar/data/896878/000089687821000260/Financial_Report.xlsx,2021-09,550000,-0.028328971,-0.000946019,29.94546748,"Q3,2021",-0.099458768,4.90E-10,-18.62545463,14870000,5137000,0.345460659,9733000,1130888,9733000,11770000,9733000,0.82693288,0.17306712
990,990,990,896878,7/30/2021,2561000,896878_0.csv,89749430,853666.6667,10244000,0.114140001,0.386292835,0.613707165,-0.386292835,0.070401144,0.087423953,0.295475324,"('Q2', '2021')",https://www.sec.gov/Archives/edgar/data/896878/000089687821000233/Financial_Report.xlsx,2021-06,845000,-0.014957863,-0.000191118,78.26503714,"Q2,2021",-0.020093016,-3.96E-12,-19.75384615,15516000,5647000,0.363946894,9869000,1167071,9869000,11903000,9869000,0.82911871,0.17088129
991,991,991,896878,4/29/2021,4173000,896878_0.csv,146241457,1391000,16692000,0.114140001,-1.647842662,2.647842662,1.64784264,0.114714554,0.142452228,-0.069266322,"('Q1', '2021')",https://www.sec.gov/Archives/edgar/data/896878/000089687821000115/Financial_Report.xlsx,2021-03,857000,0.00941644,0.000130696,72.04850467,"Q1,2021",0.013740583,-9.50E-10,-7.355892588,15758000,5803000,0.368257393,9955000,1182029,9955000,11988000,9955000,0.830413747,0.169586253
992,992,992,896878,1/30/2021,1576000,896878_0.csv,55230418,525333.3333,6304000,0.114140002,,,,0.043323781,0.053799355,,"('Q4', '2020')",https://www.sec.gov/Archives/edgar/data/896878/000089687821000059/Financial_Report.xlsx,2020-12,580000,,,77.5466764,"Q4,2020",,NaN,,14598000,5730000,0.392519523,8868000,1208403,8868000,10901000,8868000,0.813503348,0.186496652
993,993,993,922521,ttm,14180,922521_0.csv,600,4726.666667,56720,94.53333333,0.068322981,0.931677019,2.721784777,0.000329959,5.51E-07,1383.624242,"('-1', 'ttm')",,2021-ttm,5672,,,78.90571016,"-1,ttm",,70.86873706,,,,,,,,,,,
994,994,994,922521,12/30/2021,3810,922521_0.csv,644,1270,15240,23.66459627,-0.16036036,1.16036036,0.160523911,0.000104736,6.27E-07,-147.5713588,"('Q4', '2021')",,2021-12,1405,15.78651685,0.182662005,86.42474299,"Q4,2021",0.092625458,0.003335012,-9.347936606,12669,11250,0.887994317,1418,1409,12966,3573,1419,0.397145256,0.602854744
995,995,995,922521,9/29/2021,3283,922521_0.csv,555,1094.333333,13132,23.66126126,-0.007259528,1.007259528,0.007364222,9.02E-05,5.41E-07,-3259.338739,"('Q3', '2021')",https://www.sec.gov/Archives/edgar/data/922521/000162828021022817/Financial_Report.xlsx,2021-09,1611,402.75,4.548796389,88.53990497,"Q3,2021",2.306958875,0.002459083,-8.092709469,12663,10087,0.796572692,2576,3084,11500,4726,2576,0.545069826,0.454930174
996,996,996,922521,6/29/2021,3259,922521_0.csv,551,1086.333333,13036,23.65880218,0.148377125,0.851622875,-0.148641588,8.96E-05,5.37E-07,159.4504688,"('Q2', '2021')",https://www.sec.gov/Archives/edgar/data/922521/000162828021015578/Financial_Report.xlsx,2021-06,1260,-13.125,-0.13125,100,"Q2,2021",-0.066571418,-0.00734929,-12.14860715,13058,11821,0.905268801,1237,3184,12536,3383,1237,0.365651788,0.634348212
997,997,997,922521,3/30/2021,3828,922521_0.csv,647,1276,15312,23.66615147,-0.046925566,1.046925566,0.048192771,0.000105231,6.30E-07,-504.3338485,"('Q1', '2021')",https://www.sec.gov/Archives/edgar/data/922521/000162828021009088/Financial_Report.xlsx,2021-03,1397,48.17241379,0.481724138,100,"Q1,2021",0.24425981,0.028611015,-10.46934975,13447,14599,1.085669666,1151,3289,14566,1151,-1152,-1.00086881,2.00086881
998,998,998,922521,12/30/2020,3652,922521_0.csv,618,1217.333333,14608,23.63754045,,,,0.000121041,6.33E-07,,"('Q4', '2020')",https://www.sec.gov/Archives/edgar/data/922521/000162828021004460/Financial_Report.xlsx,2020-12,1574,,,100,"Q4,2020",,NaN,,13406,15074,1.124421901,1667,3103,14608,913.464,-1668,-1.826016132,2.826016132
999,999,999,929940,ttm,668063,929940_0.csv,100000,222687.6667,2672252,26.72252,0.025322131,0.974677869,2.89868461,0.015545387,9.19E-05,1055.302966,"('-1', 'ttm')",,2021-ttm,123323,,,100,"-1,ttm",,20.04184396,,,,,,,,,,,
1000,1000,1000,929940,12/30/2021,171356,929940_0.csv,102598,57118.66667,685424,6.680676037,-0.259783156,1.259783156,0.259785326,0.004710526,9.99E-05,-25.71635568,"('Q4', '2021')",,2021-12,30630,1.44774779,0.014477478,100,"Q4,2021",0.026004814,1.15E-05,-17.76300807,1303930,612126,0.46944698,691804,13750,691804,952981,691804,0.725936824,0.274063176
1001,1001,1001,929940,9/29/2021,136020,929940_0.csv,81441,45340,544080,6.68066453,0.312896531,0.687103469,-0.312894964,0.00373915,7.93E-05,21.3510342,"('Q3', '2021')",https://www.sec.gov/Archives/edgar/data/929940/000092994021000067/Financial_Report.xlsx,2021-09,29481,-0.79491466,-0.007949147,100,"Q3,2021",-0.014278484,1.52E-05,-26.85953005,1320174,627928,0.475640332,692246,14163,692246,959611,692246,0.721381893,0.278618107
1002,1002,1002,929940,6/29/2021,197961,929940_0.csv,118528,65987,791844,6.680649298,-0.216532726,1.216532726,0.216529626,0.00544189,0.000115457,-30.85283888,"('Q2', '2021')",https://www.sec.gov/Archives/edgar/data/929940/000092994021000060/Financial_Report.xlsx,2021-06,32867,1.557899227,0.015578992,100,"Q2,2021",0.027983494,-1.70E-05,-19.80413003,1454000,653243,0.44927304,800757,14905,800757,1073919,800757,0.745640034,0.254359966
1003,1003,1003,929940,3/30/2021,162726,929940_0.csv,97431,54242,650904,6.680666318,0.303750974,0.696249026,-0.303750674,0.00447329,9.49E-05,21.99389269,"('Q1', '2021')",https://www.sec.gov/Archives/edgar/data/929940/000092994021000040/Financial_Report.xlsx,2021-03,30345,-0.713899214,-0.007138992,100,"Q1,2021",-0.012823258,2.88E-06,-30.80812004,1372661,639773,0.466082303,732888,,732888,1011848,732888,0.724306418,0.275693582
1004,1004,1004,929940,12/30/2020,233718,929940_0.csv,139937,77906,934872,6.680663441,,,,0.007746317,0.000143231,,"('Q4', '2020')",https://www.sec.gov/Archives/edgar/data/929940/000092994021000011/Financial_Report.xlsx,2020-12,26575,,,100,"Q4,2020",,NaN,,1287889,633757,0.492089769,654132,,654132,938889,654132,0.696708557,0.303291443
1005,1005,1005,935036,ttm,1370598,935036_0.csv,4000,456866,5482392,1370.598,0.265920352,0.734079648,1.935974415,0.031892914,3.68E-06,5154.167358,"('-1', 'ttm')",,2021-ttm,126539,,,100,"-1,ttm",,1027.908332,,,,,,,,,,,
1006,1006,1006,935036,12/30/2021,466829,935036_0.csv,5449,155609.6667,1867316,342.6896678,-0.473100838,1.473100838,0.473046315,0.012832993,5.31E-06,-724.3480465,"('Q4', '2021')",,2021-12,36328,20.75885714,0.207588571,100,"Q4,2021",0.007269151,-0.012684158,-34.89344531,3158741,1913964,0.605926222,1244777,,1244777,2264649,1244777,0.549655598,0.450344402
1007,1007,1007,935036,9/29/2021,316914,935036_0.csv,3699,105638,1267656,342.702352,-0.05055382,1.05055382,0.050535521,0.008711873,3.60E-06,-6778.960569,"('Q3', '2021')",https://www.sec.gov/Archives/edgar/data/935036/000093503621000068/Financial_Report.xlsx,2021-09,33413,187.7134831,1.877134831,100,"Q3,2021",0.065729394,-0.005969513,-36.11333856,3184490,1988936,0.624569711,1195554,,1195554,2228907,1195554,0.536385771,0.463614229
1008,1008,1008,935036,6/29/2021,301669,935036_0.csv,3521,100556.3333,1206676,342.7083215,-0.057674977,1.057674977,0.057797367,0.008292793,3.43E-06,-5942.062512,"('Q2', '2021')",https://www.sec.gov/Archives/edgar/data/935036/000093503621000053/Financial_Report.xlsx,2021-06,28660,149.2708333,1.492708333,100,"Q2,2021",0.052267479,0.03965223,-39.80725758,3175180,1996620,0.628821043,1178560,,1178560,2250382,1178560,0.523715529,0.476284471
1009,1009,1009,935036,3/30/2021,285186,935036_0.csv,3329,95062,1140744,342.6686693,0.263169544,0.736830456,-0.263169045,0.00783968,3.24E-06,1302.083303,"('Q1', '2021')",https://www.sec.gov/Archives/edgar/data/935036/000093503621000032/Financial_Report.xlsx,2021-03,28138,-23.66526493,-0.236652649,100,"Q1,2021",-0.008287398,0.000231908,-55.02086317,3160197,1962480,0.62099926,1197717,,1197717,2294875,1197717,0.521909472,0.478090528
1010,1010,1010,935036,12/30/2020,387044,935036_0.csv,4518,129014.6667,1548176,342.6684374,,,,0.012828133,4.62E-06,,"('Q4', '2020')",https://www.sec.gov/Archives/edgar/data/935036/000093503621000014/Financial_Report.xlsx,2020-12,26875,,,100,"Q4,2020",,NaN,,3386903,2180306,0.643746219,1206597,,1206597,2327339,1206597,0.518444885,0.481555115
1011,1011,1011,941685,ttm,3238,941685_0.csv,81972,1079.333333,12952,0.158005172,-2.733636985,3.733636985,3.161953728,7.53E-05,7.53E-05,-0.057800349,"('-1', 'ttm')",,2021-ttm,2914,,,100,"-1,ttm",,0.016260695,,,,,,,,,,,
1012,1012,1012,941685,9/29/2021,778,941685_0.csv,21955,259.3333333,3112,0.141744477,0.174127295,0.825872705,-0.174097665,2.14E-05,2.14E-05,0.814027908,"('Q3', '2021')",https://www.sec.gov/Archives/edgar/data/941685/000143774921026754/Financial_Report.xlsx,2021-09,747,-0.161373947,-0.001613739,100,"Q3,2021",-0.136618188,5.09E-06,-5.044357678,7590,14365,1.892621871,6775,,13750,6775,-6775,-1,2
1013,1013,1013,941685,6/29/2021,942,941685_0.csv,26584,314,3768,0.141739392,-0.285182499,1.285182499,0.285129604,2.59E-05,2.59E-05,-0.497012939,"('Q2', '2021')",https://www.sec.gov/Archives/edgar/data/941685/000165495421009368/Financial_Report.xlsx,2021-06,745,0.126292592,0.001262926,100,"Q2,2021",0.106922365,-5.83E-06,-3.935408491,8765,16702,1.905533371,7937,,13142,7671,-7937,-1.034676053,2.034676053
1014,1014,1014,941685,3/30/2021,733,941685_0.csv,20685,244.3333333,2932,0.141745226,0.187261797,0.812738203,-0.067430025,2.01E-05,2.01E-05,0.756936162,"('Q1', '2021')",https://www.sec.gov/Archives/edgar/data/941685/000165495421003840/Financial_Report.xlsx,2021-03,724,-0.151909358,-0.001519094,100,"Q1,2021",-0.128604846,0.018213734,-4.982814568,11832,31374,2.651622718,19542,,22935,19078,-19542,-1.024321208,2.024321208
1015,1015,1015,941685,12/30/2020,786,941685_0.csv,25451,262,3144,0.123531492,,,,2.61E-05,2.61E-05,,"('Q4', '2020')",,2020-12,697,,,100,"Q4,2020",,NaN,,14802,33053,2.233009053,18251,,19825,17598,-18251,-1.037106489,2.037106489
1016,1016,1016,944480,ttm,53965,944480_0.csv,1366163,17988.33333,215860,0.158004572,-2.296311756,3.296311756,2.674588043,0.00125573,0.001255358,-0.068807979,"('-1', 'ttm')",,2021-ttm,0,,,100,"-1,ttm",,0.016265601,,,,,,,,,,,
1017,1017,1017,944480,9/29/2021,14686,944480_0.csv,414452,4895.333333,58744,0.141738971,-0.086081608,1.086081608,0.086081941,0.000403714,0.000403713,-1.646565087,"('Q3', '2021')",https://www.sec.gov/Archives/edgar/data/944480/000114036121037897/Financial_Report.xlsx,2021-09,0,0,0,100,"Q3,2021",0,4.33E-08,#NAME?,40583,15909,0.392011433,24674,,24674,24674,24674,1,0
1018,1018,1018,944480,6/29/2021,13522,944480_0.csv,381603,4507.333333,54088,0.141738928,-0.03189772,1.03189772,0.031898657,0.000371716,0.000371715,-4.443544219,"('Q2', '2021')",https://www.sec.gov/Archives/edgar/data/944480/000114036121028519/Financial_Report.xlsx,2021-06,0,0,0,100,"Q2,2021",0,1.29E-07,#NAME?,40115,27112,0.675856911,13003,,13003,13003,13003,1,0
1019,1019,1019,944480,3/30/2021,13104,944480_0.csv,369807,4368,52416,0.141738799,0.097421917,0.902578083,0.035643721,0.000360225,0.000360225,1.45489643,"('Q1', '2021')",https://www.sec.gov/Archives/edgar/data/944480/000114036121017672/Financial_Report.xlsx,2021-03,0,0,0,100,"Q1,2021",0,0.01821144,#NAME?,36979,27563,0.745368993,9416,,9416,10676,9416,0.881978269,0.118021731
1020,1020,1020,944480,12/30/2020,12653,944480_0.csv,409723,4217.666667,50612,0.123527359,,,,0.000419369,0.000419368,,"('Q4', '2020')",https://www.sec.gov/Archives/edgar/data/944480/000114036121012540/Financial_Report.xlsx,2020-12,0,,,100,"Q4,2020",,NaN,,39190,28685,0.731946925,10505,,10505,15539,10505,0.676040929,0.323959071
1021,1021,1021,948708,ttm,58422,948708_0.csv,1478995,19474,233688,0.158004591,-2.570252622,3.570252622,2.979971388,0.001359442,0.001359038,-0.061474343,"('-1', 'ttm')",,2021-ttm,11581,,,100,"-1,ttm",,0.016265807,,,,,,,,,,,
1022,1022,1022,948708,12/30/2021,14679,948708_0.csv,414255,4893,58716,0.141738784,0.107278315,0.892721685,-0.107279693,0.000403521,0.000403521,1.321224933,"('Q4', '2021')",,2021-12,2550,-0.051224363,-0.000512244,100,"Q4,2021",-0.043367971,-2.19E-07,-25.79290134,,,,,,,,,,
1023,1023,1023,948708,9/29/2021,16443,948708_0.csv,464036,5481,65772,0.141739003,-0.032914931,1.032914931,0.03291664,0.000452013,0.000452012,-4.306222044,"('Q3', '2021')",https://www.sec.gov/Archives/edgar/data/948708/000156459021056694/Financial_Report.xlsx,2021-09,5046,0.341245689,0.003412457,100,"Q3,2021",0.288907653,2.35E-07,-12.61912512,,,,,,,,,,
1024,1024,1024,948708,6/29/2021,15919,948708_0.csv,449249,5306.333333,63676,0.141738768,-0.398736542,1.398736542,0.398734733,0.000437609,0.000437609,-0.355469724,"('Q2', '2021')",https://www.sec.gov/Archives/edgar/data/948708/000156459021043945/Financial_Report.xlsx,2021-06,4853,0.037894227,0.000378942,100,"Q2,2021",0.032082311,-1.83E-07,-9.380577197,,,,,,,,,,
1025,1025,1025,948708,3/30/2021,11381,948708_0.csv,321182,3793.666667,45524,0.141738952,0.201200753,0.798799247,-0.083434002,0.00031286,0.00031286,0.704465314,"('Q1', '2021')",https://www.sec.gov/Archives/edgar/data/948708/000156459021026970/Financial_Report.xlsx,2021-03,4232,-0.052312142,-0.000523121,100,"Q1,2021",-0.044288863,0.018211603,-13.4665736,,,,,,,,,,
1026,1026,1026,948708,12/30/2020,12417,948708_0.csv,402081,4139,49668,0.123527349,,,,0.000411547,0.000411547,,"('Q4', '2020')",https://www.sec.gov/Archives/edgar/data/948708/000156459021011475/Financial_Report.xlsx,2020-12,2649,,,100,"Q4,2020",,NaN,,,,,,,,,,,
